2888 4890
188 353 233 418 88
461 372 633 420 curares
657 371 1001 420 nucnosnxourcnn.

190 534 271 593 ante
299 527 406 610 digna
429 529 666 595 satisfactione
693 530 758 594 deo
781 537 816 594 et
843 529 1038 593 bominibus
1064 528 1248 592 emendare

192 628 353 705 uoluerit,
375 637 535 694 manente
558 630 623 694 bac
645 631 780 694 cartula
800 631 837 693 in
859 649 923 693 sua
947 628 1169 694 nihilominus
1192 628 1247 691 tir·

192 728 312 792 mitate
327 729 507 811 roborata3
525 729 591 793 hiis
614 731 761 795 testibus
780 730 1073 795 consentientibus
1091 735 1126 793 et
1144 729 1245 810 signo

192 835 333 892 sanctae
351 830 462 893 crucis
486 829 616 894 Christi
640 830 921 894 confirmantibus
939 848 1086 911 quorum
1107 827 1248 892 nomina

192 927 249 990 hic
275 927 364 992 infra
388 930 423 992 in
455 929 577 994 cedula
601 937 824 994 caraxantur.
873 932 913 1011 ›1‹
936 930 1012 1012 Ego
1047 926 1246 993 Ceolnotlus

193 1029 306 1108 gratia
322 1028 377 1092 dei
394 1029 673 1112 archiepiscopus
697 1030 784 1093 hanc
802 1028 1022 1094 donationem
1038 1047 1150 1093 meam
1167 1047 1245 1090 cnm

190 1127 440 1209 signosanctae
458 1130 568 1193 crucis
579 1128 709 1194 Christi
725 1129 886 1194 roboraui
901 1135 936 1192 et
953 1127 1156 1210 subscripsi;
1173 1147 1245 1192 om·

192 1247 252 1291 nes
269 1229 372 1293 etiam
389 1229 516 1307 clerici,
534 1229 793 1312 archiepiscopi,
811 1237 847 1293 et
865 1248 983 1293 omnes
997 1229 1150 1293 seniores
1167 1247 1243 1293 aec·

193 1328 318 1394 clesiae
337 1328 468 1394 christi
486 1329 749 1395 Cantuariensis
765 1329 1052 1410 subscripserunt.

649 1626 796 1692 MXLI.

347 1777 650 1857 RAEDELUULF
675 1776 739 1840 OF
764 1774 915 1854 KENT,
936 1774 1011 1841 832.

248 1931 288 2010 ›1‹
309 1928 354 1992 IN
372 1929 509 1992 nomine
524 1927 578 1991 dei
594 1927 719 1991 summi
734 1928 825 2011 regis
842 1925 993 1990 aeterni!
1034 1926 1111 2009 Ego
1128 1924 1244 1990 AEbel-

193 2027 280 2091 wols
300 2029 414 2109 gratia
436 2028 491 2092 dei
514 2048 577 2091 rex
601 2027 756 2092 Kanciae
781 2029 870 2090 hanc
897 2026 1117 2090 donationem
1139 2046 1243 2110 quam

192 2127 296 2190 michi
313 2136 413 2211 pater
430 2148 525 2192 meus
544 2127 741 2210 Egberhtus
759 2149 821 2193 rex
839 2126 1243 2192 Occidentalium-Saxo-

193 2247 275 2290 num
297 2227 417 2292 libenti
435 2229 550 2292 animo
572 2228 740 2293 tradendo
761 2228 923 2303 donabat,
944 2246 1022 2291 cum
1044 2228 1190 2292 consilio
1209 2239 1244 2292 et

183 2325 331 2391 'licentia
348 2330 422 2393 eius
439 2329 516 2393 istis
534 2328 703 2393 terriculis
725 2327 985 2410 multiplicando
1003 2329 1138 2407 augebo
1156 2347 1243 2410 quo-

191 2448 266 2491 rum
276 2427 332 2492 bic
344 2429 483 2492 nomina
494 2428 583 2492 infra
591 2435 764 2505 tenentur,
774 2428 839 2492 hoc
849 2434 902 2491 est
912 2426 1102 2509 Langham‚
1115 2427 1243 2492 Blake·

190 2528 391 2606 burneham,
402 2528 676 2611 Plegwingham,
690 2528 873 2607 Ofncham,
892 2517 997 2591 &bare
1012 2519 1138 2592 ssl'eere
1155 2528 1242 2608 side,

191 2633 329 2692 bannen
347 2636 433 2694 west
452 2649 495 2692 on
518 2618 619 2706 brblr,
635 2648 792 2711 campum
809 2636 844 2693 et
865 2629 988 2693 siluam
1006 2628 1050 2692 ad
1067 2628 1243 2710 perfruen-

193 2727 274 2792 dum
303 2729 339 2792 in
367 2730 538 2793 communi
564 2736 720 2811 pastura,
749 2735 887 2794 centum
916 2729 1039 2810 uiginti
1067 2729 1181 2811 porcis
1208 2737 1243 2794 ct

191 2828 444 2910 quinquaginta
458 2831 623 2893 armentis
635 2829 670 2893 in
687 2828 865 2893 Hliossole
880 2835 916 2892 et
928 2828 1243 2911 AEgelbertinberst

193 2947 339 3009 quorum
366 2936 448 2992 sunt
473 2929 648 2992 terminia
671 2929 953 2993 Bosehamburne
969 2929 1006 2992 in
1030 2928 1249 2995 occidentem

194 3047 297 3111 super
313 3047 473 3112 campum
491 3029 652 3110 usquein
669 3029 849 3112 paludem
867 3030 918 3093 sic
934 3029 1036 3093 etiam
1055 3034 1244 3096 communi·

191 3147 290 3191 onem
323 3129 359 3191 in
391 3129 501 3206 siluis,
535 3128 678 3206 scilicet,
707 3129 742 3192 in
776 3129 1179 3211 Estercogheringdenne
1209 3140 1243 3197 et

192 3226 442 3310 Hyringdenne
457 3228 641 3310 togeddere
656 3229 836 3311 liggendc;
858 3230 894 3292 in
905 3229 1121 3294 Dorobernia
1138 3231 1243 3296 etiam

191 3327 333 3392 ciuitate
357 3348 460 3392 unam
483 3328 603 3392 uillam
630 3330 765 3393 donabo
784 3328 948 3412 adquam
972 3329 1123 3412 pertinet
1143 3333 1243 3414 quin·

192 3447 259 3509 que
274 3429 396 3510 iugera
413 3436 525 3494 terrae
544 3437 579 3492 et
603 3430 672 3492 duo
696 3436 810 3511 prata,
832 3449 979 3512 quorum
1002 3449 1106 3492 unum
1129 3438 1184 3495 est
1206 3433 1241 3496 in

190 3526 268 3590 loco
291 3527 351 3608 qni
372 3528 498 3592 dicitur
522 3528 702 3611 Sbettingc
726 3538 762 3593 et
781 3529 873 3593 aliud
896 3536 934 3593 at
956 3529 1191 3610 Taningtune‚
1209 3540 1244 3597 et

190 3628 464 3692 communionem
481 3628 590 3692 siluae
608 3629 878 3711 adoperandum
901 3630 992 3693 sicut
1010 3629 1070 3692 alii
1089 3629 1243 3697 homines

190 3727 225 3790 in
235 3728 403 3791 consimili
415 3736 518 3792 terra.
549 3727 625 3809 Ego
637 3728 829 3795 AEttelwolf
833 3746 897 3794 rex
909 3728 998 3794 hanc
1008 3729 1242 3811 supradictam

190 3832 344 3889 nostram
360 3826 578 3891 donationem
592 3848 669 3892 cum
682 3831 823 3912 campis,
835 3830 944 3906 siluis,
957 3829 1153 3911 paludibuS,
1166 3852 1243 3915 pra-

191 3927 247 4001 tis
267 3928 418 4007 pascuis,
440 3927 699 4008 piscationibus,
717 3929 944 4010 omnibusque
968 3929 1177 3996 utilitatibus
1198 3933 1240 3997 ad

190 4044 263 4088 eam
291 4027 541 4107 pertinentibus
567 4028 719 4092 liberabo
752 4031 796 4092 ab
827 4029 984 4092 omnibus
1012 4031 1242 4097 saecularium

190 4123 429 4190 difficultatum
453 4127 677 4192 seruitutibus
700 4149 831 4209 regum,
852 4129 1063 4211 principum,
1086 4131 1240 4212 praefec-
