<?xml version="1.0" encoding="UTF-8"?>
<!DOCTYPE html PUBLIC "-//W3C//DTD XHTML 1.0 Transitional//EN"
    "http://www.w3.org/TR/xhtml1/DTD/xhtml1-transitional.dtd">
<html xmlns="http://www.w3.org/1999/xhtml" xml:lang="en" lang="en">
 <head>
  <title>
</title>
<meta http-equiv="Content-Type" content="text/html;charset=utf-8" />
  <meta name='ocr-system' content='tesseract 3.04.00' />
  <meta name='ocr-capabilities' content='ocr_page ocr_carea ocr_par ocr_line ocrx_word'/>
</head>
<body>
  <div class='ocr_page' id='page_1' title='image "./codexdiplomatic02kembgoog_0339.png"; bbox 0 0 2888 4890; ppageno 0'>
   <div class='ocr_carea' id='block_1_1' title="bbox 187 363 982 429">
    <p class='ocr_par' dir='ltr' id='par_1_1' title="bbox 187 363 982 429">
     <span class='ocr_line' id='line_1_1' title="bbox 187 363 982 429; baseline -0.004 -2"><span class='ocrx_word' id='word_1_1' title='bbox 187 363 255 429; x_wconf 79' lang='lat'><strong>312</strong></span> <span class='ocrx_word' id='word_1_2' title='bbox 441 375 611 424; x_wconf 71' lang='lat' dir='ltr'><strong>curaris</strong></span> <span class='ocrx_word' id='word_1_3' title='bbox 635 373 982 424; x_wconf 76' lang='lat' dir='ltr'><strong>uncuossxomcuu.</strong></span> 
     </span>
    </p>
   </div>
   <div class='ocr_carea' id='block_1_2' title="bbox 186 532 1252 4209">
    <p class='ocr_par' dir='ltr' id='par_1_2' title="bbox 186 532 1252 4209">
     <span class='ocr_line' id='line_1_2' title="bbox 192 532 1242 617; baseline -0.003 -19"><span class='ocrx_word' id='word_1_4' title='bbox 192 535 360 600; x_wconf 89' lang='lat' dir='ltr'><strong>incertum</strong></span> <span class='ocrx_word' id='word_1_5' title='bbox 399 534 594 598; x_wconf 84' lang='lat' dir='ltr'><strong>futurorum</strong></span> <span class='ocrx_word' id='word_1_6' title='bbox 625 540 816 615; x_wconf 91' lang='lat' dir='ltr'><strong>temporum</strong></span> <span class='ocrx_word' id='word_1_7' title='bbox 855 540 986 597; x_wconf 91' lang='lat' dir='ltr'><strong>statum</strong></span> <span class='ocrx_word' id='word_1_8' title='bbox 1019 532 1242 617; x_wconf 89' lang='lat' dir='ltr'><strong>prouidentes</strong></span> 
     </span>
     <span class='ocr_line' id='line_1_3' title="bbox 193 633 1243 718; baseline -0.004 -19"><span class='ocrx_word' id='word_1_9' title='bbox 193 635 340 718; x_wconf 88' lang='lat' dir='ltr'>posteris</span> <span class='ocrx_word' id='word_1_10' title='bbox 373 633 637 698; x_wconf 89' lang='lat' dir='ltr'><strong>succedentibus</strong></span> <span class='ocrx_word' id='word_1_11' title='bbox 662 633 880 715; x_wconf 89' lang='lat' dir='ltr'><strong>profuturum</strong></span> <span class='ocrx_word' id='word_1_12' title='bbox 911 652 988 697; x_wconf 87' lang='lat' dir='ltr'><strong>esse</strong></span> <span class='ocrx_word' id='word_1_13' title='bbox 1016 633 1243 708; x_wconf 88' lang='lat' dir='ltr'><strong>decreuimus,</strong></span> 
     </span>
     <span class='ocr_line' id='line_1_4' title="bbox 186 731 1244 817; baseline -0.003 -20"><span class='ocrx_word' id='word_1_14' title='bbox 186 743 234 799; x_wconf 83' lang='lat' dir='ltr'><strong>ut</strong></span> <span class='ocrx_word' id='word_1_15' title='bbox 259 754 301 798; x_wconf 90' lang='lat' dir='ltr'><strong>ea</strong></span> <span class='ocrx_word' id='word_1_16' title='bbox 326 753 415 817; x_wconf 88' lang='lat' dir='ltr'><strong>quae</strong></span> <span class='ocrx_word' id='word_1_17' title='bbox 441 734 611 797; x_wconf 91' lang='lat' dir='ltr'><strong>communi</strong></span> <span class='ocrx_word' id='word_1_18' title='bbox 645 739 759 796; x_wconf 89' lang='lat' dir='ltr'><strong>tractu</strong></span> <span class='ocrx_word' id='word_1_19' title='bbox 788 733 919 797; x_wconf 86' lang='lat' dir='ltr'>salubri</span> <span class='ocrx_word' id='word_1_20' title='bbox 952 733 1097 797; x_wconf 89' lang='lat' dir='ltr'><strong>consilio</strong></span> <span class='ocrx_word' id='word_1_21' title='bbox 1124 731 1244 795; x_wconf 91' lang='lat' dir='ltr'><strong>defini·</strong></span> 
     </span>
     <span class='ocr_line' id='line_1_5' title="bbox 194 830 1244 909; baseline -0.003 -13"><span class='ocrx_word' id='word_1_22' title='bbox 194 841 300 898; x_wconf 91' lang='lat' dir='ltr'><strong>untur</strong></span> <span class='ocrx_word' id='word_1_23' title='bbox 324 834 425 898; x_wconf 91' lang='lat' dir='ltr'><strong>sertis</strong></span> <span class='ocrx_word' id='word_1_24' title='bbox 452 832 614 896; x_wconf 87' lang='lat' dir='ltr'><strong>litterulis</strong></span> <span class='ocrx_word' id='word_1_25' title='bbox 638 834 799 896; x_wconf 87' lang='lat' dir='ltr'><strong>roborata</strong></span> <span class='ocrx_word' id='word_1_26' title='bbox 824 833 1080 896; x_wconf 87' lang='lat' dir='ltr'><strong>confirmentur.</strong></span> <span class='ocrx_word' id='word_1_27' title='bbox 1147 830 1244 909; x_wconf 87' lang='lat' dir='ltr'><strong>Qua·</strong></span> 
     </span>
     <span class='ocr_line' id='line_1_6' title="bbox 194 932 1244 1016; baseline -0.002 -20"><span class='ocrx_word' id='word_1_28' title='bbox 194 939 335 1016; x_wconf 89' lang='lat' dir='ltr'><strong>propter</strong></span> <span class='ocrx_word' id='word_1_29' title='bbox 357 953 422 1015; x_wconf 87' lang='lat' dir='ltr'><strong>ego</strong></span> <span class='ocrx_word' id='word_1_30' title='bbox 441 932 631 1008; x_wconf 75' lang='lat' dir='ltr'><strong>EadreduS‚</strong></span> <span class='ocrx_word' id='word_1_31' title='bbox 654 952 716 995; x_wconf 83' lang='lat' dir='ltr'><strong>rex</strong></span> <span class='ocrx_word' id='word_1_32' title='bbox 742 932 933 1013; x_wconf 88' lang='lat' dir='ltr'><strong>Anglorum</strong></span> <span class='ocrx_word' id='word_1_33' title='bbox 961 940 1244 1013; x_wconf 85' lang='lat' dir='ltr'><strong>caeterarumque</strong></span> 
     </span>
     <span class='ocr_line' id='line_1_7' title="bbox 196 1031 1246 1115; baseline -0.002 -19"><span class='ocrx_word' id='word_1_34' title='bbox 196 1033 384 1115; x_wconf 88' lang='lat' dir='ltr'><strong>[gentium]</strong></span> <span class='ocrx_word' id='word_1_35' title='bbox 403 1033 438 1095; x_wconf 87' lang='lat' dir='ltr'><strong>in</strong></span> <span class='ocrx_word' id='word_1_36' title='bbox 456 1031 602 1096; x_wconf 89' lang='lat' dir='ltr'><strong>circuitu</strong></span> <span class='ocrx_word' id='word_1_37' title='bbox 621 1032 877 1114; x_wconf 87' lang='lat' dir='ltr'><strong>persistentium</strong></span> <span class='ocrx_word' id='word_1_38' title='bbox 895 1034 1107 1114; x_wconf 87' lang='lat' dir='ltr'><strong>guberuator</strong></span> <span class='ocrx_word' id='word_1_39' title='bbox 1122 1038 1155 1094; x_wconf 90' lang='lat' dir='ltr'><strong>et</strong></span> <span class='ocrx_word' id='word_1_40' title='bbox 1173 1050 1246 1094; x_wconf 83' lang='lat' dir='ltr'><strong>rec·</strong></span> 
     </span>
     <span class='ocr_line' id='line_1_8' title="bbox 196 1131 1244 1214; baseline -0.004 -18"><span class='ocrx_word' id='word_1_41' title='bbox 196 1140 262 1210; x_wconf 90' lang='lat' dir='ltr'><strong>tor,</strong></span> <span class='ocrx_word' id='word_1_42' title='bbox 278 1133 414 1196; x_wconf 89' lang='lat' dir='ltr'><strong>cuidam</strong></span> <span class='ocrx_word' id='word_1_43' title='bbox 441 1131 524 1194; x_wconf 92' lang='lat' dir='ltr'><strong>mihi</strong></span> <span class='ocrx_word' id='word_1_44' title='bbox 547 1131 744 1195; x_wconf 89' lang='lat' dir='ltr'><strong>fidelissimo</strong></span> <span class='ocrx_word' id='word_1_45' title='bbox 765 1133 950 1214; x_wconf 86' lang='lat' dir='ltr'><strong>comitique</strong></span> <span class='ocrx_word' id='word_1_46' title='bbox 965 1131 1091 1196; x_wconf 89' lang='lat' dir='ltr'><strong>dilecto</strong></span> <span class='ocrx_word' id='word_1_47' title='bbox 1108 1131 1244 1195; x_wconf 87' lang='lat' dir='ltr'><strong>nomine</strong></span> 
     </span>
     <span class='ocr_line' id='line_1_9' title="bbox 196 1230 1244 1314; baseline -0.002 -19"><span class='ocrx_word' id='word_1_48' title='bbox 196 1231 357 1309; x_wconf 90' lang='lat' dir='ltr'><strong>Eadrioo,</strong></span> <span class='ocrx_word' id='word_1_49' title='bbox 372 1231 565 1296; x_wconf 91' lang='lat' dir='ltr'><strong>deuotionis</strong></span> <span class='ocrx_word' id='word_1_50' title='bbox 581 1232 655 1294; x_wconf 90' lang='lat' dir='ltr'><strong>eius</strong></span> <span class='ocrx_word' id='word_1_51' title='bbox 669 1231 825 1295; x_wconf 87' lang='lat' dir='ltr'><strong>sollertia</strong></span> <span class='ocrx_word' id='word_1_52' title='bbox 839 1232 1061 1314; x_wconf 91' lang='lat' dir='ltr'><strong>eiusdemque</strong></span> <span class='ocrx_word' id='word_1_53' title='bbox 1084 1230 1244 1313; x_wconf 90' lang='lat' dir='ltr'><strong>placatus</strong></span> 
     </span>
     <span class='ocr_line' id='line_1_10' title="bbox 195 1331 1244 1413; baseline -0.003 -18"><span class='ocrx_word' id='word_1_54' title='bbox 195 1333 371 1413; x_wconf 91' lang='lat' dir='ltr'><strong>obsequio,</strong></span> <span class='ocrx_word' id='word_1_55' title='bbox 397 1332 560 1412; x_wconf 90' lang='lat' dir='ltr'><strong>dignatus</strong></span> <span class='ocrx_word' id='word_1_56' title='bbox 582 1350 658 1393; x_wconf 93' lang='lat' dir='ltr'><strong>sum</strong></span> <span class='ocrx_word' id='word_1_57' title='bbox 687 1331 861 1412; x_wconf 90' lang='lat' dir='ltr'><strong>impertire</strong></span> <span class='ocrx_word' id='word_1_58' title='bbox 888 1332 942 1395; x_wconf 92' lang='lat' dir='ltr'><strong>bis</strong></span> <span class='ocrx_word' id='word_1_59' title='bbox 968 1331 1075 1394; x_wconf 89' lang='lat' dir='ltr'><strong>denas</strong></span> <span class='ocrx_word' id='word_1_60' title='bbox 1091 1348 1244 1405; x_wconf 85' lang='lat' dir='ltr'><strong>mansas,</strong></span> 
     </span>
     <span class='ocr_line' id='line_1_11' title="bbox 196 1429 1245 1513; baseline -0.003 -18"><span class='ocrx_word' id='word_1_61' title='bbox 196 1431 289 1513; x_wconf 89' lang='lat' dir='ltr'><strong>quod</strong></span> <span class='ocrx_word' id='word_1_62' title='bbox 318 1429 466 1512; x_wconf 90' lang='lat' dir='ltr'><strong>Anglice</strong></span> <span class='ocrx_word' id='word_1_63' title='bbox 491 1430 617 1494; x_wconf 90' lang='lat' dir='ltr'><strong>dicitur</strong></span> <span class='ocrx_word' id='word_1_64' title='bbox 642 1431 788 1512; x_wconf 85' lang='lat' dir='ltr'><strong>twentig</strong></span> <span class='ocrx_word' id='word_1_65' title='bbox 815 1430 908 1505; x_wconf 91' lang='lat' dir='ltr'><strong>hida,</strong></span> <span class='ocrx_word' id='word_1_66' title='bbox 930 1431 967 1494; x_wconf 93' lang='lat' dir='ltr'><strong>in</strong></span> <span class='ocrx_word' id='word_1_67' title='bbox 992 1429 1052 1495; x_wconf 94' lang='lat' dir='ltr'><strong>illo</strong></span> <span class='ocrx_word' id='word_1_68' title='bbox 1077 1429 1157 1494; x_wconf 89' lang='lat' dir='ltr'><strong>loco</strong></span> <span class='ocrx_word' id='word_1_69' title='bbox 1186 1429 1245 1493; x_wconf 90' lang='lat' dir='ltr'><strong>ubi</strong></span> 
     </span>
     <span class='ocr_line' id='line_1_12' title="bbox 193 1529 1245 1612; baseline -0.002 -19"><span class='ocrx_word' id='word_1_70' title='bbox 193 1530 395 1595; x_wconf 89' lang='lat' dir='ltr'><strong>iamdudum</strong></span> <span class='ocrx_word' id='word_1_71' title='bbox 425 1530 588 1594; x_wconf 86' lang='lat' dir='ltr'><strong>solicolae</strong></span> <span class='ocrx_word' id='word_1_72' title='bbox 615 1529 708 1593; x_wconf 90' lang='lat' dir='ltr'><strong>illius</strong></span> <span class='ocrx_word' id='word_1_73' title='bbox 735 1531 885 1611; x_wconf 85' lang='lat' dir='ltr'><strong>regionis</strong></span> <span class='ocrx_word' id='word_1_74' title='bbox 919 1549 1041 1594; x_wconf 89' lang='lat' dir='ltr'><strong>nomen</strong></span> <span class='ocrx_word' id='word_1_75' title='bbox 1070 1529 1245 1612; x_wconf 87' lang='lat' dir='ltr'><strong>imposue-</strong></span> 
     </span>
     <span class='ocr_line' id='line_1_13' title="bbox 195 1628 1244 1710; baseline 0 -18"><span class='ocrx_word' id='word_1_76' title='bbox 195 1638 277 1694; x_wconf 90' lang='lat' dir='ltr'><strong>runt</strong></span> <span class='ocrx_word' id='word_1_77' title='bbox 299 1638 345 1694; x_wconf 91' lang='lat' dir='ltr'><strong>aet</strong></span> <span class='ocrx_word' id='word_1_78' title='bbox 359 1630 644 1710; x_wconf 88' lang='lat' dir='ltr'><strong>Wassingatune.</strong></span> <span class='ocrx_word' id='word_1_79' title='bbox 696 1629 776 1694; x_wconf 88' lang='lat' dir='ltr'><strong>Tali</strong></span> <span class='ocrx_word' id='word_1_80' title='bbox 793 1638 908 1694; x_wconf 87' lang='lat' dir='ltr'><strong>autem</strong></span> <span class='ocrx_word' id='word_1_81' title='bbox 927 1637 1046 1695; x_wconf 86' lang='lat' dir='ltr'><strong>tenore</strong></span> <span class='ocrx_word' id='word_1_82' title='bbox 1061 1628 1127 1692; x_wconf 91' lang='lat' dir='ltr'><strong>hoo</strong></span> <span class='ocrx_word' id='word_1_83' title='bbox 1145 1648 1244 1710; x_wconf 88' lang='lat' dir='ltr'><strong>prae·</strong></span> 
     </span>
     <span class='ocr_line' id='line_1_14' title="bbox 195 1729 1246 1810; baseline -0.003 -17"><span class='ocrx_word' id='word_1_84' title='bbox 195 1729 289 1794; x_wconf 86' lang='lat' dir='ltr'><strong>satae</strong></span> <span class='ocrx_word' id='word_1_85' title='bbox 306 1729 560 1793; x_wconf 87' lang='lat' dir='ltr'><strong>munificentiae</strong></span> <span class='ocrx_word' id='word_1_86' title='bbox 577 1749 702 1794; x_wconf 91' lang='lat' dir='ltr'><strong>munus</strong></span> <span class='ocrx_word' id='word_1_87' title='bbox 721 1730 887 1795; x_wconf 87' lang='lat' dir='ltr'><strong>tradendo</strong></span> <span class='ocrx_word' id='word_1_88' title='bbox 912 1729 1078 1805; x_wconf 85' lang='lat' dir='ltr'><strong>concessi,</strong></span> <span class='ocrx_word' id='word_1_89' title='bbox 1102 1738 1140 1793; x_wconf 92' lang='lat' dir='ltr'><strong>ut</strong></span> <span class='ocrx_word' id='word_1_90' title='bbox 1167 1747 1246 1810; x_wconf 90' lang='lat' dir='ltr'><strong>pos·</strong></span> 
     </span>
     <span class='ocr_line' id='line_1_15' title="bbox 196 1829 1244 1913; baseline -0.001 -21"><span class='ocrx_word' id='word_1_91' title='bbox 196 1829 308 1893; x_wconf 89' lang='lat' dir='ltr'><strong>sideat</strong></span> <span class='ocrx_word' id='word_1_92' title='bbox 333 1837 368 1893; x_wconf 93' lang='lat' dir='ltr'><strong>et</strong></span> <span class='ocrx_word' id='word_1_93' title='bbox 390 1829 533 1893; x_wconf 89' lang='lat' dir='ltr'><strong>firmiter</strong></span> <span class='ocrx_word' id='word_1_94' title='bbox 562 1835 680 1893; x_wconf 88' lang='lat' dir='ltr'><strong>teneat</strong></span> <span class='ocrx_word' id='word_1_95' title='bbox 708 1831 822 1913; x_wconf 77' lang='lat' dir='ltr'><strong>&#39;usque</strong></span> <span class='ocrx_word' id='word_1_96' title='bbox 850 1830 895 1894; x_wconf 87' lang='lat' dir='ltr'><strong>ad</strong></span> <span class='ocrx_word' id='word_1_97' title='bbox 923 1830 1079 1894; x_wconf 92' lang='lat' dir='ltr'><strong>ultimum</strong></span> <span class='ocrx_word' id='word_1_98' title='bbox 1107 1848 1244 1893; x_wconf 90' lang='lat' dir='ltr'><strong>cursum</strong></span> 
     </span>
     <span class='ocr_line' id='line_1_16' title="bbox 196 1929 1246 2013; baseline 0 -20"><span class='ocrx_word' id='word_1_99' title='bbox 196 1930 290 1993; x_wconf 87' lang='lat' dir='ltr'><strong>uitae</strong></span> <span class='ocrx_word' id='word_1_100' title='bbox 305 1948 401 2006; x_wconf 88' lang='lat' dir='ltr'><strong>suae,</strong></span> <span class='ocrx_word' id='word_1_101' title='bbox 418 1949 495 1993; x_wconf 89' lang='lat' dir='ltr'><strong>cum</strong></span> <span class='ocrx_word' id='word_1_102' title='bbox 520 1930 677 1994; x_wconf 89' lang='lat' dir='ltr'><strong>omnibus</strong></span> <span class='ocrx_word' id='word_1_103' title='bbox 699 1929 903 1995; x_wconf 91' lang='lat' dir='ltr'><strong>utensilibus</strong></span> <span class='ocrx_word' id='word_1_104' title='bbox 920 1949 1009 2013; x_wconf 89' lang='lat' dir='ltr'><strong>quae</strong></span> <span class='ocrx_word' id='word_1_105' title='bbox 1024 1930 1109 1992; x_wconf 90' lang='lat' dir='ltr'><strong>deus</strong></span> <span class='ocrx_word' id='word_1_106' title='bbox 1132 1929 1246 1993; x_wconf 90' lang='lat' dir='ltr'><strong>coelo-</strong></span> 
     </span>
     <span class='ocr_line' id='line_1_17' title="bbox 195 2027 1247 2112; baseline 0.002 -21"><span class='ocrx_word' id='word_1_107' title='bbox 195 2049 271 2092; x_wconf 83' lang='lat' dir='ltr'><strong>rum</strong></span> <span class='ocrx_word' id='word_1_108' title='bbox 302 2029 436 2112; x_wconf 92' lang='lat' dir='ltr'><strong>inipso</strong></span> <span class='ocrx_word' id='word_1_109' title='bbox 464 2029 598 2094; x_wconf 87' lang='lat' dir='ltr'><strong>telluris</strong></span> <span class='ocrx_word' id='word_1_110' title='bbox 626 2030 779 2111; x_wconf 86' lang='lat' dir='ltr'><strong>gramine</strong></span> <span class='ocrx_word' id='word_1_111' title='bbox 809 2031 953 2108; x_wconf 87' lang='lat' dir='ltr'><strong>creauit,</strong></span> <span class='ocrx_word' id='word_1_112' title='bbox 983 2037 1053 2094; x_wconf 88' lang='lat' dir='ltr'><strong>tam</strong></span> <span class='ocrx_word' id='word_1_113' title='bbox 1086 2029 1122 2091; x_wconf 95' lang='lat' dir='ltr'><strong>in</strong></span> <span class='ocrx_word' id='word_1_114' title='bbox 1155 2027 1247 2093; x_wconf 88' lang='lat' dir='ltr'><strong>notis</strong></span> 
     </span>
     <span class='ocr_line' id='line_1_18' title="bbox 196 2128 1246 2212; baseline 0.002 -21"><span class='ocrx_word' id='word_1_115' title='bbox 196 2128 311 2192; x_wconf 88' lang='lat' dir='ltr'><strong>causis</strong></span> <span class='ocrx_word' id='word_1_116' title='bbox 338 2136 374 2192; x_wconf 88' lang='lat' dir='ltr'><strong>et</strong></span> <span class='ocrx_word' id='word_1_117' title='bbox 398 2130 538 2210; x_wconf 87' lang='lat' dir='ltr'><strong>ignotis,</strong></span> <span class='ocrx_word' id='word_1_118' title='bbox 566 2130 601 2191; x_wconf 95' lang='lat' dir='ltr'><strong>iu</strong></span> <span class='ocrx_word' id='word_1_119' title='bbox 628 2129 771 2193; x_wconf 90' lang='lat' dir='ltr'><strong>modicis</strong></span> <span class='ocrx_word' id='word_1_120' title='bbox 799 2130 896 2194; x_wconf 91' lang='lat' dir='ltr'><strong>etin</strong></span> <span class='ocrx_word' id='word_1_121' title='bbox 923 2130 1070 2212; x_wconf 87' lang='lat' dir='ltr'><strong>magnis,</strong></span> <span class='ocrx_word' id='word_1_122' title='bbox 1102 2129 1246 2211; x_wconf 90' lang='lat' dir='ltr'><strong>campis,</strong></span> 
     </span>
     <span class='ocr_line' id='line_1_19' title="bbox 196 2228 1248 2311; baseline 0.001 -20"><span class='ocrx_word' id='word_1_123' title='bbox 196 2228 348 2310; x_wconf 86' lang='lat' dir='ltr'><strong>pascuis,</strong></span> <span class='ocrx_word' id='word_1_124' title='bbox 363 2228 472 2306; x_wconf 90' lang='lat' dir='ltr'><strong>siluis,</strong></span> <span class='ocrx_word' id='word_1_125' title='bbox 485 2228 720 2311; x_wconf 89' lang='lat' dir='ltr'><strong>siluarumque</strong></span> <span class='ocrx_word' id='word_1_126' title='bbox 737 2229 979 2307; x_wconf 90' lang='lat' dir='ltr'><strong>densitatibus,</strong></span> <span class='ocrx_word' id='word_1_127' title='bbox 991 2229 1123 2292; x_wconf 88' lang='lat' dir='ltr'><strong>donans</strong></span> <span class='ocrx_word' id='word_1_128' title='bbox 1141 2229 1248 2293; x_wconf 92' lang='lat' dir='ltr'><strong>dona-</strong></span> 
     </span>
     <span class='ocr_line' id='line_1_20' title="bbox 195 2327 1249 2411; baseline 0.001 -21"><span class='ocrx_word' id='word_1_129' title='bbox 195 2328 240 2392; x_wconf 94' lang='lat' dir='ltr'><strong>bo</strong></span> <span class='ocrx_word' id='word_1_130' title='bbox 263 2327 467 2392; x_wconf 87' lang='lat' dir='ltr'><strong>libertatem.</strong></span> <span class='ocrx_word' id='word_1_131' title='bbox 520 2328 566 2392; x_wconf 92' lang='lat' dir='ltr'><strong>Et</strong></span> <span class='ocrx_word' id='word_1_132' title='bbox 583 2339 767 2411; x_wconf 88' lang='lat' dir='ltr'><strong>postquam</strong></span> <span class='ocrx_word' id='word_1_133' title='bbox 796 2329 937 2392; x_wconf 94' lang='lat' dir='ltr'><strong>humani</strong></span> <span class='ocrx_word' id='word_1_134' title='bbox 959 2329 1095 2411; x_wconf 86' lang='lat' dir='ltr'><strong>generis</strong></span> <span class='ocrx_word' id='word_1_135' title='bbox 1116 2329 1249 2410; x_wconf 82' lang='lat' dir='ltr'><strong>fragili-</strong></span> 
     </span>
     <span class='ocr_line' id='line_1_21' title="bbox 195 2427 1249 2493; baseline 0.002 -3"><span class='ocrx_word' id='word_1_136' title='bbox 195 2433 302 2490; x_wconf 91' lang='lat' dir='ltr'><strong>tatem</strong></span> <span class='ocrx_word' id='word_1_137' title='bbox 344 2427 532 2491; x_wconf 85' lang='lat' dir='ltr'><strong>deseruerit</strong></span> <span class='ocrx_word' id='word_1_138' title='bbox 573 2439 608 2492; x_wconf 91' lang='lat' dir='ltr'><strong>et</strong></span> <span class='ocrx_word' id='word_1_139' title='bbox 647 2429 691 2491; x_wconf 89' lang='lat' dir='ltr'><strong>ad</strong></span> <span class='ocrx_word' id='word_1_140' title='bbox 730 2428 989 2493; x_wconf 84' lang='lat' dir='ltr'><strong>desiderabilem</strong></span> <span class='ocrx_word' id='word_1_141' title='bbox 1026 2429 1249 2493; x_wconf 89' lang='lat' dir='ltr'><strong>iocunditatis</strong></span> 
     </span>
     <span class='ocr_line' id='line_1_22' title="bbox 196 2527 1248 2610; baseline 0.005 -22"><span class='ocrx_word' id='word_1_142' title='bbox 196 2527 301 2604; x_wconf 91' lang='lat' dir='ltr'><strong>uiam,</strong></span> <span class='ocrx_word' id='word_1_143' title='bbox 323 2547 384 2608; x_wconf 89' lang='lat' dir='ltr'><strong>per</strong></span> <span class='ocrx_word' id='word_1_144' title='bbox 410 2528 557 2608; x_wconf 82' lang='lat' dir='ltr'><strong>gratiam</strong></span> <span class='ocrx_word' id='word_1_145' title='bbox 580 2529 721 2610; x_wconf 91' lang='lat' dir='ltr'><strong>superni</strong></span> <span class='ocrx_word' id='word_1_146' title='bbox 742 2528 873 2606; x_wconf 86' lang='lat' dir='ltr'><strong>iudicis,</strong></span> <span class='ocrx_word' id='word_1_147' title='bbox 901 2529 1035 2605; x_wconf 88' lang='lat' dir='ltr'><strong>adierit,</strong></span> <span class='ocrx_word' id='word_1_148' title='bbox 1062 2529 1248 2593; x_wconf 89' lang='lat' dir='ltr'><strong>succeden-</strong></span> 
     </span>
     <span class='ocr_line' id='line_1_23' title="bbox 195 2626 1249 2712; baseline 0.004 -23"><span class='ocrx_word' id='word_1_149' title='bbox 195 2626 282 2689; x_wconf 91' lang='lat' dir='ltr'><strong>tium</strong></span> <span class='ocrx_word' id='word_1_150' title='bbox 308 2627 374 2692; x_wconf 91' lang='lat' dir='ltr'><strong>sibi</strong></span> <span class='ocrx_word' id='word_1_151' title='bbox 396 2628 598 2711; x_wconf 87' lang='lat' dir='ltr'><strong>cuicumque</strong></span> <span class='ocrx_word' id='word_1_152' title='bbox 619 2629 757 2692; x_wconf 91' lang='lat' dir='ltr'><strong>libuerit</strong></span> <span class='ocrx_word' id='word_1_153' title='bbox 779 2629 999 2693; x_wconf 86' lang='lat' dir='ltr'><strong>aeternaliter</strong></span> <span class='ocrx_word' id='word_1_154' title='bbox 1021 2629 1249 2712; x_wconf 87' lang='lat' dir='ltr'><strong>derelinquat,</strong></span> 
     </span>
     <span class='ocr_line' id='line_1_24' title="bbox 194 2727 1250 2811; baseline 0.004 -21"><span class='ocrx_word' id='word_1_155' title='bbox 194 2745 258 2790; x_wconf 88' lang='lat' dir='ltr'><strong>ceu</strong></span> <span class='ocrx_word' id='word_1_156' title='bbox 282 2727 441 2809; x_wconf 90' lang='lat' dir='ltr'><strong>superius</strong></span> <span class='ocrx_word' id='word_1_157' title='bbox 465 2730 678 2809; x_wconf 86' lang='lat' dir='ltr'><strong>praenotaui.</strong></span> <span class='ocrx_word' id='word_1_158' title='bbox 730 2728 784 2792; x_wconf 92' lang='lat' dir='ltr'><strong>Sit</strong></span> <span class='ocrx_word' id='word_1_159' title='bbox 809 2735 925 2792; x_wconf 90' lang='lat' dir='ltr'><strong>autem</strong></span> <span class='ocrx_word' id='word_1_160' title='bbox 950 2729 1164 2811; x_wconf 88' lang='lat' dir='ltr'><strong>praedictum</strong></span> <span class='ocrx_word' id='word_1_161' title='bbox 1189 2749 1250 2794; x_wconf 91' lang='lat' dir='ltr'><strong>rus</strong></span> 
     </span>
     <span class='ocr_line' id='line_1_25' title="bbox 195 2824 1249 2911; baseline 0.005 -24"><span class='ocrx_word' id='word_1_162' title='bbox 195 2824 339 2889; x_wconf 92' lang='lat' dir='ltr'><strong>liberum</strong></span> <span class='ocrx_word' id='word_1_163' title='bbox 357 2827 401 2890; x_wconf 90' lang='lat' dir='ltr'><strong>ab</strong></span> <span class='ocrx_word' id='word_1_164' title='bbox 419 2828 512 2891; x_wconf 93' lang='lat' dir='ltr'><strong>omni</strong></span> <span class='ocrx_word' id='word_1_165' title='bbox 535 2827 644 2891; x_wconf 86' lang='lat' dir='ltr'><strong>fiscali</strong></span> <span class='ocrx_word' id='word_1_166' title='bbox 666 2828 794 2892; x_wconf 88' lang='lat' dir='ltr'><strong>tributo</strong></span> <span class='ocrx_word' id='word_1_167' title='bbox 815 2828 1113 2911; x_wconf 90' lang='lat' dir='ltr'><strong>saeculariumque</strong></span> <span class='ocrx_word' id='word_1_168' title='bbox 1140 2831 1249 2893; x_wconf 92' lang='lat' dir='ltr'><strong>serui-</strong></span> 
     </span>
     <span class='ocr_line' id='line_1_26' title="bbox 197 2927 1249 3010; baseline 0.007 -22"><span class='ocrx_word' id='word_1_169' title='bbox 197 2931 310 2988; x_wconf 93' lang='lat' dir='ltr'><strong>tutum</strong></span> <span class='ocrx_word' id='word_1_170' title='bbox 333 2927 558 3003; x_wconf 84' lang='lat' dir='ltr'><strong>exinanitum,</strong></span> <span class='ocrx_word' id='word_1_171' title='bbox 573 2928 648 2992; x_wconf 89' lang='lat' dir='ltr'><strong>sine</strong></span> <span class='ocrx_word' id='word_1_172' title='bbox 670 2927 902 3009; x_wconf 86' lang='lat' dir='ltr'><strong>expeditione,</strong></span> <span class='ocrx_word' id='word_1_173' title='bbox 926 2935 961 2992; x_wconf 92' lang='lat' dir='ltr'><strong>et</strong></span> <span class='ocrx_word' id='word_1_174' title='bbox 977 2929 1095 3010; x_wconf 90' lang='lat' dir='ltr'><strong>pontis</strong></span> <span class='ocrx_word' id='word_1_175' title='bbox 1114 2928 1249 2995; x_wconf 88' lang='lat' dir='ltr'><strong>arcisue</strong></span> 
     </span>
     <span class='ocr_line' id='line_1_27' title="bbox 195 3025 1249 3108; baseline 0.007 -22"><span class='ocrx_word' id='word_1_176' title='bbox 195 3025 433 3092; x_wconf 86' lang='lat' dir='ltr'><strong>instructione.</strong></span> <span class='ocrx_word' id='word_1_177' title='bbox 503 3026 753 3108; x_wconf 87' lang='lat' dir='ltr'><strong>Praecipioque</strong></span> <span class='ocrx_word' id='word_1_178' title='bbox 789 3027 825 3090; x_wconf 92' lang='lat' dir='ltr'><strong>in</strong></span> <span class='ocrx_word' id='word_1_179' title='bbox 860 3029 997 3092; x_wconf 91' lang='lat' dir='ltr'><strong>nomine</strong></span> <span class='ocrx_word' id='word_1_180' title='bbox 1033 3028 1088 3091; x_wconf 92' lang='lat' dir='ltr'><strong>dei</strong></span> <span class='ocrx_word' id='word_1_181' title='bbox 1123 3032 1249 3094; x_wconf 92' lang='lat' dir='ltr'><strong>summi</strong></span> 
     </span>
     <span class='ocr_line' id='line_1_28' title="bbox 196 3122 1250 3210; baseline 0.008 -24"><span class='ocrx_word' id='word_1_182' title='bbox 196 3130 267 3186; x_wconf 91' lang='lat' dir='ltr'><strong>tam</strong></span> <span class='ocrx_word' id='word_1_183' title='bbox 302 3126 402 3189; x_wconf 90' lang='lat' dir='ltr'><strong>nobis</strong></span> <span class='ocrx_word' id='word_1_184' title='bbox 431 3127 627 3191; x_wconf 88' lang='lat' dir='ltr'><strong>uiuentibus</strong></span> <span class='ocrx_word' id='word_1_185' title='bbox 649 3145 753 3208; x_wconf 91' lang='lat' dir='ltr'><strong>quam</strong></span> <span class='ocrx_word' id='word_1_186' title='bbox 778 3127 882 3190; x_wconf 90' lang='lat' dir='ltr'><strong>etiam</strong></span> <span class='ocrx_word' id='word_1_187' title='bbox 906 3128 965 3210; x_wconf 92' lang='lat' dir='ltr'><strong>qui</strong></span> <span class='ocrx_word' id='word_1_188' title='bbox 987 3122 1250 3194; x_wconf 82' lang='lat' dir='ltr'><strong>christianitatis</strong></span> 
     </span>
     <span class='ocr_line' id='line_1_29' title="bbox 197 3223 1249 3308; baseline 0.008 -24"><span class='ocrx_word' id='word_1_189' title='bbox 197 3223 335 3286; x_wconf 89' lang='lat' dir='ltr'><strong>nomine</strong></span> <span class='ocrx_word' id='word_1_190' title='bbox 374 3234 408 3288; x_wconf 90' lang='lat' dir='ltr'><strong>et</strong></span> <span class='ocrx_word' id='word_1_191' title='bbox 441 3227 578 3291; x_wconf 91' lang='lat' dir='ltr'><strong>diuinae</strong></span> <span class='ocrx_word' id='word_1_192' title='bbox 609 3225 795 3308; x_wconf 85' lang='lat' dir='ltr'><strong>agnitionis</strong></span> <span class='ocrx_word' id='word_1_193' title='bbox 828 3226 894 3290; x_wconf 90' lang='lat' dir='ltr'><strong>fide</strong></span> <span class='ocrx_word' id='word_1_194' title='bbox 929 3235 1114 3291; x_wconf 86' lang='lat' dir='ltr'><strong>censentur</strong></span> <span class='ocrx_word' id='word_1_195' title='bbox 1146 3229 1249 3293; x_wconf 91' lang='lat' dir='ltr'><strong>huius</strong></span> 
     </span>
     <span class='ocr_line' id='line_1_30' title="bbox 195 3319 1251 3410; baseline 0.009 -28"><span class='ocrx_word' id='word_1_196' title='bbox 195 3319 365 3384; x_wconf 87' lang='lat' dir='ltr'><strong>libertatis</strong></span> <span class='ocrx_word' id='word_1_197' title='bbox 392 3331 524 3389; x_wconf 91' lang='lat' dir='ltr'><strong>statuta</strong></span> <span class='ocrx_word' id='word_1_198' title='bbox 555 3326 599 3389; x_wconf 91' lang='lat' dir='ltr'><strong>ad</strong></span> <span class='ocrx_word' id='word_1_199' title='bbox 628 3328 762 3391; x_wconf 90' lang='lat' dir='ltr'><strong>irritum</strong></span> <span class='ocrx_word' id='word_1_200' title='bbox 792 3326 960 3390; x_wconf 89' lang='lat' dir='ltr'><strong>deducere</strong></span> <span class='ocrx_word' id='word_1_201' title='bbox 987 3328 1127 3391; x_wconf 91' lang='lat' dir='ltr'><strong>minime</strong></span> <span class='ocrx_word' id='word_1_202' title='bbox 1157 3330 1251 3410; x_wconf 92' lang='lat' dir='ltr'><strong>quis-</strong></span> 
     </span>
     <span class='ocr_line' id='line_1_31' title="bbox 195 3421 1249 3509; baseline 0.01 -28"><span class='ocrx_word' id='word_1_203' title='bbox 195 3421 287 3501; x_wconf 88' lang='lat' dir='ltr'><strong>piam</strong></span> <span class='ocrx_word' id='word_1_204' title='bbox 321 3431 529 3501; x_wconf 89' lang='lat' dir='ltr'><strong>praesumat.</strong></span> <span class='ocrx_word' id='word_1_205' title='bbox 596 3423 763 3509; x_wconf 87' lang='lat' dir='ltr'><strong>Quisquis</strong></span> <span class='ocrx_word' id='word_1_206' title='bbox 794 3427 956 3491; x_wconf 88' lang='lat' dir='ltr'><strong>beniuola</strong></span> <span class='ocrx_word' id='word_1_207' title='bbox 991 3434 1106 3490; x_wconf 90' lang='lat' dir='ltr'><strong>mente</strong></span> <span class='ocrx_word' id='word_1_208' title='bbox 1138 3447 1249 3492; x_wconf 89' lang='lat' dir='ltr'><strong>meam</strong></span> 
     </span>
     <span class='ocr_line' id='line_1_32' title="bbox 196 3519 1250 3609; baseline 0.01 -28"><span class='ocrx_word' id='word_1_209' title='bbox 196 3519 415 3584; x_wconf 90' lang='lat' dir='ltr'><strong>donatiouem</strong></span> <span class='ocrx_word' id='word_1_210' title='bbox 455 3522 662 3604; x_wconf 90' lang='lat' dir='ltr'><strong>amplificare</strong></span> <span class='ocrx_word' id='word_1_211' title='bbox 697 3529 877 3607; x_wconf 87' lang='lat' dir='ltr'><strong>satagerit,</strong></span> <span class='ocrx_word' id='word_1_212' title='bbox 912 3527 946 3589; x_wconf 92' lang='lat' dir='ltr'><strong>in</strong></span> <span class='ocrx_word' id='word_1_213' title='bbox 980 3526 1045 3591; x_wconf 89' lang='lat' dir='ltr'><strong>boc</strong></span> <span class='ocrx_word' id='word_1_214' title='bbox 1075 3527 1250 3609; x_wconf 87' lang='lat' dir='ltr'><strong>praesenti</strong></span> 
     </span>
     <span class='ocr_line' id='line_1_33' title="bbox 196 3620 1250 3708; baseline 0.009 -25"><span class='ocrx_word' id='word_1_215' title='bbox 196 3620 337 3684; x_wconf 86' lang='lat' dir='ltr'><strong>saeculo</strong></span> <span class='ocrx_word' id='word_1_216' title='bbox 369 3621 476 3685; x_wconf 87' lang='lat' dir='ltr'><strong>uitam</strong></span> <span class='ocrx_word' id='word_1_217' title='bbox 504 3621 598 3684; x_wconf 90' lang='lat' dir='ltr'><strong>illius</strong></span> <span class='ocrx_word' id='word_1_218' title='bbox 627 3643 792 3706; x_wconf 90' lang='lat' dir='ltr'><strong>prospera</strong></span> <span class='ocrx_word' id='word_1_219' title='bbox 828 3624 996 3690; x_wconf 87' lang='lat' dir='ltr'><strong>foeliciter</strong></span> <span class='ocrx_word' id='word_1_220' title='bbox 1031 3626 1250 3708; x_wconf 87' lang='lat' dir='ltr'><strong>longiturnae</strong></span> 
     </span>
     <span class='ocr_line' id='line_1_34' title="bbox 196 3720 1250 3807; baseline 0.009 -25"><span class='ocrx_word' id='word_1_221' title='bbox 196 3720 290 3783; x_wconf 86' lang='lat' dir='ltr'><strong>uitae</strong></span> <span class='ocrx_word' id='word_1_222' title='bbox 314 3720 442 3801; x_wconf 89' lang='lat' dir='ltr'><strong>gaudia</strong></span> <span class='ocrx_word' id='word_1_223' title='bbox 461 3727 586 3785; x_wconf 90' lang='lat' dir='ltr'><strong>teneat.</strong></span> <span class='ocrx_word' id='word_1_224' title='bbox 638 3722 675 3785; x_wconf 92' lang='lat' dir='ltr'><strong>Si</strong></span> <span class='ocrx_word' id='word_1_225' title='bbox 701 3725 778 3805; x_wconf 92' lang='lat' dir='ltr'><strong>quis</strong></span> <span class='ocrx_word' id='word_1_226' title='bbox 804 3733 920 3789; x_wconf 87' lang='lat' dir='ltr'><strong>autem</strong></span> <span class='ocrx_word' id='word_1_227' title='bbox 947 3727 1087 3807; x_wconf 85' lang='lat' dir='ltr'><strong>propria</strong></span> <span class='ocrx_word' id='word_1_228' title='bbox 1113 3728 1250 3792; x_wconf 85' lang='lat' dir='ltr'><strong>temeri·</strong></span> 
     </span>
     <span class='ocr_line' id='line_1_35' title="bbox 197 3819 1249 3908; baseline 0.01 -26"><span class='ocrx_word' id='word_1_229' title='bbox 197 3826 269 3882; x_wconf 89' lang='lat' dir='ltr'><strong>tate</strong></span> <span class='ocrx_word' id='word_1_230' title='bbox 292 3819 463 3885; x_wconf 89' lang='lat' dir='ltr'><strong>uiolenter</strong></span> <span class='ocrx_word' id='word_1_231' title='bbox 486 3822 648 3885; x_wconf 88' lang='lat' dir='ltr'><strong>inuadere</strong></span> <span class='ocrx_word' id='word_1_232' title='bbox 664 3827 934 3904; x_wconf 87' lang='lat' dir='ltr'><strong>praesumpserit</strong></span> <span class='ocrx_word' id='word_1_233' title='bbox 950 3828 1038 3890; x_wconf 87' lang='lat' dir='ltr'><strong>sciat</strong></span> <span class='ocrx_word' id='word_1_234' title='bbox 1055 3845 1092 3889; x_wconf 87' lang='lat' dir='ltr'><strong>se</strong></span> <span class='ocrx_word' id='word_1_235' title='bbox 1111 3828 1249 3908; x_wconf 90' lang='lat' dir='ltr'><strong>procul·</strong></span> 
     </span>
     <span class='ocr_line' id='line_1_36' title="bbox 196 3917 1251 4002; baseline 0.012 -22"><span class='ocrx_word' id='word_1_236' title='bbox 196 3917 300 3981; x_wconf 91' lang='lat' dir='ltr'><strong>dubio</strong></span> <span class='ocrx_word' id='word_1_237' title='bbox 317 3927 396 3983; x_wconf 91' lang='lat' dir='ltr'><strong>ante</strong></span> <span class='ocrx_word' id='word_1_238' title='bbox 415 3921 564 3984; x_wconf 91' lang='lat' dir='ltr'><strong>tribunal</strong></span> <span class='ocrx_word' id='word_1_239' title='bbox 580 3921 727 3985; x_wconf 90' lang='lat' dir='ltr'><strong>districti</strong></span> <span class='ocrx_word' id='word_1_240' title='bbox 745 3923 879 4002; x_wconf 90' lang='lat' dir='ltr'><strong>iudicis,</strong></span> <span class='ocrx_word' id='word_1_241' title='bbox 894 3925 1101 3990; x_wconf 87' lang='lat' dir='ltr'><strong>titubantem</strong></span> <span class='ocrx_word' id='word_1_242' title='bbox 1126 3934 1251 3993; x_wconf 90' lang='lat' dir='ltr'><strong>treme·</strong></span> 
     </span>
     <span class='ocr_line' id='line_1_37' title="bbox 195 4017 1250 4110; baseline 0.013 -32"><span class='ocrx_word' id='word_1_243' title='bbox 195 4017 429 4100; x_wconf 88' lang='lat' dir='ltr'><strong>bundumque,</strong></span> <span class='ocrx_word' id='word_1_244' title='bbox 452 4021 620 4085; x_wconf 87' lang='lat' dir='ltr'><strong>rationem</strong></span> <span class='ocrx_word' id='word_1_245' title='bbox 654 4021 879 4102; x_wconf 87' lang='lat' dir='ltr'><strong>redditurum,</strong></span> <span class='ocrx_word' id='word_1_246' title='bbox 913 4024 978 4087; x_wconf 91' lang='lat' dir='ltr'><strong>uisi</strong></span> <span class='ocrx_word' id='word_1_247' title='bbox 1013 4026 1109 4107; x_wconf 89' lang='lat' dir='ltr'><strong>prius</strong></span> <span class='ocrx_word' id='word_1_248' title='bbox 1144 4027 1250 4110; x_wconf 86' lang='lat' dir='ltr'><strong>digna</strong></span> 
     </span>
     <span class='ocr_line' id='line_1_38' title="bbox 195 4116 1252 4209; baseline 0.012 -30"><span class='ocrx_word' id='word_1_249' title='bbox 195 4116 430 4184; x_wconf 80' lang='lat' dir='ltr'><strong>satisfactione</strong></span> <span class='ocrx_word' id='word_1_250' title='bbox 450 4121 631 4185; x_wconf 90' lang='lat' dir='ltr'><strong>emendare</strong></span> <span class='ocrx_word' id='word_1_251' title='bbox 653 4122 823 4188; x_wconf 88' lang='lat' dir='ltr'><strong>maluerit.</strong></span> <span class='ocrx_word' id='word_1_252' title='bbox 878 4122 962 4187; x_wconf 89' lang='lat' dir='ltr'><strong>Istis</strong></span> <span class='ocrx_word' id='word_1_253' title='bbox 979 4125 1134 4189; x_wconf 86' lang='lat' dir='ltr'><strong>terminis</strong></span> <span class='ocrx_word' id='word_1_254' title='bbox 1150 4146 1252 4209; x_wconf 87' lang='lat' dir='ltr'><strong>prae·</strong></span> 
     </span>
    </p>
   </div>
   <div class='ocr_carea' id='block_1_3' title="bbox 0 0 1455 4890">
    <p class='ocr_par' dir='ltr' id='par_1_3' title="bbox 0 0 1455 4890">
     <span class='ocr_line' id='line_1_39' title="bbox 0 0 1455 4890; baseline 0 0"><span class='ocrx_word' id='word_1_255' title='bbox 0 0 1455 4890; x_wconf 95' lang='lat' dir='ltr'><strong> </strong></span> 
     </span>
    </p>
   </div>
  </div>
 </body>
</html>
