2888 4890
448 363 622 411 curario
644 361 991 411 Anonosuxorucuu.
1201 345 1244 410 57

168 519 476 584 'monasteriorum
503 518 729 583 constitutum
758 525 824 594 est,
846 536 889 580 ea
917 516 1039 597 regula
1067 524 1102 580 et
1127 519 1243 582 obser-

190 620 312 684 uantia
335 619 537 702 disciplinae
560 637 625 682 sua
648 617 870 698 [monastica]
894 615 970 680 iura
991 617 1156 682 studeant
1181 621 1243 682 ob·

191 738 341 785 seruare.
387 719 425 782 Si
442 737 537 799 ergo,
553 717 644 800 quod
669 717 771 793 absit,
789 718 856 800 ipsi
875 715 940 780 hoc
964 724 1122 781 nostrum
1148 738 1242 781 man·

191 817 334 884 datum¹
363 826 398 882 et
421 818 550 881 domini
583 817 764 899 apostolici
795 823 1016 899 praeceptum
1050 818 1243 900 sprenerint

192 925 227 982 et
244 938 307 1000 pro
324 918 452 981 nichilo
467 917 607 993 ducunt,
626 916 737 980 sciant
764 936 801 979 se
830 936 851 979 a
873 918 1048 998 praesenti
1076 918 1243 981 aecclesia

191 1018 361 1082 iustorum
387 1024 600 1099 segregatos,
629 1022 664 1079 et
693 1016 728 1079 in
756 1016 811 1079 die
837 1016 955 1080 iudicii
986 1023 1066 1080 ante
1093 1018 1243 1081 tribunal

195 1117 337 1195 Christi,
361 1119 426 1181 nisi
444 1124 524 1180 ante
549 1116 818 1192 emendauerint,
845 1117 1011 1179 rationem
1039 1116 1242 1183 reddituros.

194 1216 294 1281 Haec
319 1224 400 1281 sunt
427 1217 567 1281 nomina
588 1224 787 1281 sanctornm
816 1217 1055 1298 episcoporum
1081 1223 1116 1279 et
1141 1218 1244 1280 abba-

192 1323 267 1380 tum
284 1318 342 1399 qui
359 1337 436 1382 cnm
452 1317 560 1381 totius
575 1316 699 1400 synodi
718 1335 887 1380 consensu
905 1335 969 1397 pro
986 1315 1244 1381 confirmatione

192 1418 389 1500 praedictae
408 1417 458 1480 rei
473 1417 609 1498 signum
624 1423 767 1479 sanctae
783 1416 895 1480 crucis
910 1416 1199 1498 subscripserunt.

247 1517 387 1599 ›1⁴Ego
412 1516 620 1580 AEiielardus
655 1515 934 1598 archiepiscopus
970 1514 1244 1580 Dorobernensis

194 1615 346 1680 ciuitatis
375 1617 509 1698 signum
534 1622 674 1678 sanctae
702 1615 813 1678 crucis
840 1615 1038 1696 subscripsi.
1108 1617 1147 1697 »14
1168 1616 1244 1698 Ego

195 1714 319 1779 Hedde
342 1717 523 1798 episcopus
548 1715 747 1796 subscripsi.
790 1714 917 1796 »14Εςο
933 1715 1040 1779 Worr
1062 1715 1246 1797 episcopus

194 1816 391 1898 subscripsi.
461 1817 500 1897 »14
529 1814 605 1896 Ego
632 1815 814 1896 Eguuinus
839 1814 1019 1895 episcopus
1045 1815 1244 1897 subscripsi.

201 1916 239 1996 »14
274 1915 350 1997 Ego
382 1916 555 1979 Foriierus
596 1915 779 1996 episcopus
816 1914 1012 1995 subscripsi.
1096 1917 1134 1997 »14
1169 1914 1245 1996 Ego

195 2014 322 2079 Daniel
350 2016 534 2097 episcopus
557 2015 755 2096 subscripsi.
821 2014 860 2094 »14
880 2012 957 2095 Ego
981 2013 1149 2078 Eadbriht
1174 2015 1245 2096 epi-

194 2132 321 2196 scopus
352 2114 550 2196 subscripsi.
622 2116 662 2196 »14
694 2113 770 2194 Ego
805 2109 900 2176 Acca
944 2113 1126 2195 episcopus
1166 2115 1247 2177 sub-

194 2214 328 2296 scripsi.
400 2215 439 2295 »14
472 2214 549 2296 Ego
579 2212 795 2295 Inguualdus
832 2212 1014 2294 episcopus
1047 2214 1247 2296 subscripsi.

192 2317 239 2394 »14
268 2315 345 2396 Ego
379 2313 552 2378 Heardrid
588 2314 770 2395 episcopus
808 2313 1007 2395 subscripsi.
1098 2315 1137 2395 »14
1169 2314 1246 2396 Ego

196 2413 397 2479 No’6bertus
432 2413 615 2496 episcopos
655 2413 854 2494 subscripsi.
948 2414 987 2494 »14
1020 2414 1097 2495 Ego
1131 2413 1246 2478 Wulf-

124 2507 129 2518 '
195 2513 298 2578 redus
329 2514 591 2577 archidiaconns
616 2514 815 2594 subscripsi.
884 2514 922 2594 »14
948 2511 1090 2592 Signum
1115 2511 1246 2577 Aldulfi

196 2614 348 2696 episcopi
364 2613 612 2677 Licifeldensis.
670 2614 709 2694 »14
727 2613 803 2694 Ego
818 2611 973 2674 Eaduuls
982 2611 1158 2676 Siddensis
1175 2615 1247 2695 epi-

196 2732 321 2796 scopus
347 2714 546 2796 subscripsi.
614 2714 652 2794 »14
682 2713 758 2794 Ego
776 2710 976 2775 Osmundus
995 2710 1247 2776 Lundoniensis

197 2814 377 2896 episcopus
405 2812 603 2895 subscripsi.
674 2812 715 2892 »14
744 2813 821 2893 Ego
843 2810 1032 2874 Tiidfridus
1060 2812 1249 2877 Dammoce

196 2914 379 2996 episcopus
404 2913 601 2994 subscripsi.
674 2912 713 2992 »14
733 2912 810 2993 Ego
830 2911 1019 2974 Fortredus
1037 2913 1144 2975 abbas
1167 2915 1248 2976 sub·

196 3013 329 3095 scripsi.
394 3010 1019 3096 ›1‹EgoWernbrihtusLegorensis
1050 3012 1248 3095 subscripsi.

203 3115 241 3195 »14
276 3113 353 3195 Ego
382 3110 618 3177 Ealhmundus
654 3112 837 3193 episcopus
873 3110 1133 3175 Uuintoniensis
1168 3114 1249 3175 sub·

197 3214 330 3295 scripsi.
420 3215 458 3292 »14
491 3212 567 3292 Ego
584 3210 1030 3276 Wermundus¹Hrofensis
1065 3213 1249 3295 episcopus

198 3311 396 3394 subscripsi.
475 3313 513 3390 »14
546 3312 622 3393 Ego
651 3311 862 3393 Felogyldus
904 3310 1011 3373 abbas
1050 3313 1248 3396 subscripsi.

204 3414 242 3494 »14
266 3412 342 3494 Ego
356 3411 534 3478 Wlfredus
557 3410 819 3475 archidiaconus
842 3411 1041 3492 subscripsi.

432 3584 439 3614 ¹
455 3587 525 3636 Here
537 3586 579 3637 the
591 3588 654 3650 Reg.
667 3587 740 3640 Cant.
751 3587 844 3638 breaks
855 3588 893 3638 off
900 3587 1027 3650 abruptly.
