2888 4890
190 331 254 396 190
440 349 613 398 onsurae
637 349 984 401 iuonosuxomcau.

672 603 776 671 MOI.

394 728 710 828 *monuerim
735 751 836 835 April
853 750 948 830 roo,
968 751 1044 818 sae.

247 907 286 987 ›1‹
309 903 507 968 Arsurum
533 924 595 986 per
611 911 771 968 cunctam
791 903 960 986 triquadri
977 902 1069 967 orbis
1090 899 1247 965 latitudi-

192 1024 268 1069 nem
281 1003 472 1086 gibonifero
490 1005 702 1068 sacrosancti
722 1003 869 1067 flaminis
887 1001 1057 1080 incendio,
1066 1000 1246 1066 salutifera

193 1105 384 1168 animarum
419 1104 547 1185 gaudia
579 1123 621 1168 ac
653 1104 825 1169 multifida
856 1104 1024 1168 donorum
1057 1101 1247 1184 spiramina

192 1210 433 1287 praerogante,
449 1204 575 1287 quibus
592 1203 764 1268 humanae
780 1203 1001 1286 inprobitatis
1022 1203 1147 1283 rubigo
1164 1220 1246 1265 con·

81 1366 85 1373 .
192 1303 349 1381 sumitur,
366 1303 604 1386 foelicitasque
622 1311 764 1367 aeterna
779 1303 854 1368 eius
876 1322 1018 1367 munere
1038 1300 1245 1385 adquiritur,

193 1405 252 1487 qui
280 1410 361 1467 ante
394 1404 510 1468 omnia
541 1404 681 1469 saecula
709 1404 802 1486 apud
832 1411 965 1486 patrem
996 1401 1245 1466 indissociabili

193 1511 281 1569 nutu
307 1503 581 1587 sempiternitate
612 1503 805 1569 maiestatis
837 1503 920 1582 alta,
942 1502 1073 1580 infima,
1088 1509 1243 1578 aeterna,

195 1604 357 1680 labentia,
390 1603 509 1687 qualia
547 1602 882 1669 administrationum
913 1603 1133 1667 distinctione
1172 1601 1246 1665 fieri

194 1704 416 1787 possentne]
444 1703 644 1768 debuissent
670 1703 826 1768 mirando
854 1702 1102 1786 perpetualiter
1127 1708 1163 1766 et
1190 1722 1245 1765 re·

146 1842 149 1846 -
194 1803 308 1885 gendo
345 1791 549 1868 naturaliter
587 1803 730 1868 arbitrio
771 1803 845 1869 lata
884 1822 988 1867 manu
1030 1801 1246 1884 dispensans,

194 1903 392 1966 nouissimis
423 1902 536 1967 labilis
567 1903 660 1967 uitae
691 1903 903 1987 temporibus
935 1903 979 1967 ad
1012 1901 1245 1967 oblitteranda

195 2001 368 2065 uirulenta
394 2002 579 2084 gemendae
605 2004 724 2067 mortis
752 2003 953 2086 peccamina
977 2021 1066 2086 quae
1091 2001 1245 2066 lubricus

195 2101 254 2168 illc
278 2110 313 2167 et
338 2109 514 2167 tortuosus
546 2121 688 2185 serpens
716 2122 829 2168 massa
862 2103 1028 2179 infirmae,
1057 2101 1145 2167 heu!
1181 2121 1245 2183 pro

195 2200 311 2266 dolor!
346 2208 492 2268 naturae
528 2202 742 2267 truculenter
778 2202 904 2280 infixit,
939 2201 1089 2266 humano
1127 2202 1246 2283 generi

195 2302 307 2386 prima
322 2302 492 2384 parentali
510 2301 746 2367 maledictione
761 2302 956 2386 postposita
972 2300 1155 2367 subuenire
1172 2300 1245 2384 dig-

197 2408 300 2465 natus
317 2408 391 2481 est;
415 2420 504 2484 quae
523 2403 676 2467 tonantis
697 2402 811 2484 proles
829 2420 962 2469 summo
983 2402 1130 2465 eulmine
1146 2401 1246 2483 polo-

197 2520 273 2564 rum
290 2508 475 2584 praecepto
489 2501 659 2583 paternali
679 2501 900 2579 descendens,
909 2521 1026 2568 secum
1037 2502 1136 2566 nobis
1151 2500 1245 2566 salu·

196 2601 344 2668 berrima
360 2601 514 2665 deferens
535 2601 774 2679 medicamina,
790 2601 928 2685 limphis
956 2601 1246 2679 remediabilibns,

195 2700 280 2774 lotis
303 2700 465 2779 uictimis,
488 2700 700 2784 spiritalibus
724 2703 898 2780 recreatis,
916 2702 1117 2782 euangelico
1142 2719 1245 2784 para·

196 2800 350 2885 digmate
379 2819 441 2882 per
467 2801 611 2882 primam
642 2802 849 2884 asperrimae
884 2801 1089 2866 inuectionis
1125 2800 1245 2866 limam

199 2919 334 2965 morsus
348 2899 714 2977 infit,‘Poeniteutiam
731 2902 836 2983 agite,
847 2901 1136 2984 adpropinquabit
1153 2903 1245 2965 enim

198 3019 343 3082 regnum
368 2999 541 3065 coelorum
554 3000 575 3080 ;'
602 3020 748 3083 quorum
783 3022 845 3085 pro
883 2999 1104 3085 adipiscendo
1137 3021 1245 3083 regno

200 3107 339 3163 aeterno
362 3099 547 3177 coelorum,
574 3119 639 3182 ego
661 3099 898 3178 AEttelstauus,
918 3100 1072 3165 donifluo
1103 3099 1159 3165 dei
1179 3122 1245 3183 gu·

197 3199 408 3283 bernamine,
454 3218 516 3263 rex
548 3197 753 3281 Anglorum,
784 3220 875 3265 auno
912 3199 1103 3265 dominicae
1133 3200 1246 3265 incar-

198 3298 351 3366 nationis
377 3315 650 3364 .ncccc.xxvl11.
676 3300 744 3364 mei
776 3299 867 3364 haud
901 3300 1042 3364 dubium
1070 3299 1245 3382 regiminis

199 3399 319 3475 tercio,
357 3397 543 3462 indictione
575 3415 610 3464 .1.
650 3407 773 3482 epacta
812 3416 919 3464 xxv1.
952 3415 1046 3463 ‚xva
1078 3398 1246 3466 kalendas

201 3497 300 3574 Maii,
314 3497 397 3561 luna
414 3514 507 3561 mxl.
528 3498 686 3562 donando
704 3499 843 3564 confero
860 3518 957 3564 meae
973 3498 1129 3564 internae
1146 3499 1247 3565 fami·

198 3598 360 3662 liaritatis
391 3597 515 3661 acolim
547 3599 719 3663 amicabili
754 3599 909 3664 ministro
944 3618 1020 3666 meo
1053 3598 1247 3682 Byrhfer'so

197 3697 486 3780 elegantissimam
504 3696 589 3762 iuris
613 3699 679 3763 mei
702 3706 823 3776 terrac,
837 3699 870 3763 id
891 3705 956 3776 est,
977 3705 1023 3764 aet
1039 3697 1144 3765 Stoce
1166 3716 1246 3765 ‚xla

197 3797 392 3860 mansiones
410 3804 640 3879 nuncupatur,
658 3805 698 3862 ut
723 3798 780 3862 ille
803 3818 880 3863 eam
907 3799 982 3863 siue
1008 3798 1150 3881 ancipiti
1173 3819 1247 3867 am·

197 3895 377 3975 biguitatis
407 3896 568 3978 scrupulo
594 3897 651 3961 uel
677 3898 878 3981 praecipitio
909 3898 1043 3962 inuisae
1070 3897 1249 3964 seruitutis

198 4014 277 4058 cum
300 3993 505 4073 hominibus,
537 3997 757 4073 uictualibus,
786 3998 1092 4080 suppellectilibus,
1124 3998 1248 4079 pratis,

196 4094 346 4177 pascuis,
369 4095 479 4174 siluis,
502 4096 634 4175 riualis,
652 4098 855 4182 cunctisque
879 4091 1087 4162 utilitatibus
1104 4096 1148 4160 ad
1171 4117 1247 4163 eam
