2888 4890
189 381 255 449 132
451 396 623 445 casurae
647 395 990 443 nnenoslxonloan

192 557 351 640 superius
374 555 623 637 disponendum
647 555 856 621 censuimus.
905 555 948 618 Et
972 555 1054 620 uolo
1077 556 1169 638 quod
1193 577 1248 621 ar-

195 657 316 738 migeri
339 656 418 732 mei,
440 675 517 719 curn
539 654 684 718 ualeatis
709 662 746 718 et
770 656 970 738 omnesqui
997 675 1074 719 eum
1099 658 1185 740 ipsis
1211 659 1248 721 in

196 755 338 821 seruitio
368 775 444 819 meo
478 755 646 830 existunt,
670 755 739 818 ista
761 754 972 818 distribuant
995 757 1097 821 modo
1128 758 1248 840 supra·

196 858 301 932 dicto,
316 875 378 919 nec
396 856 465 930 alio
483 856 584 919 modo
602 854 824 932 distribuant,
842 874 946 937 quam
963 857 1123 938 superius
1134 874 1249 940 ‘prae-

196 957 410 1040 scripsimus,
424 975 540 1019 coram
556 954 702 1018 haerede
718 973 808 1030 meo,
822 954 889 1032 cui,
902 975 985 1038 prae
1002 959 1160 1036 caeteriS,
1175 978 1249 1022 ma·

197 1057 303 1120 iorem
330 1056 561 1139 quantitatem
592 1055 633 1118 de
664 1053 762 1117 bonis
794 1060 830 1118 et
862 1056 1136 1137 possessionibus
1165 1059 1251 1122 meis

199 1155 429 1240 praelargitus
453 1175 542 1232 sum,
565 1154 752 1218 secundum
770 1154 864 1235 quod
889 1154 1018 1219 donare
1039 1158 1150 1239 potui.
1204 1157 1251 1221 Et

194 1257 261 1330 -tali
279 1255 494 1319 concessioni
510 1254 611 1318 multi
630 1254 761 1318 nobiles
779 1253 1065 1338 conscripserunt,
1081 1264 1116 1320 et
1133 1267 1252 1322 coram

198 1357 438 1440 praesentibus
459 1353 616 1419 omnibus
639 1355 692 1418 bis
714 1354 861 1418 testibus
881 1355 969 1419 istae
988 1356 1193 1420 donationes
1215 1366 1252 1422 et

199 1457 439 1521 concessiones
469 1455 504 1518 in
538 1455 675 1537 scriptis
705 1463 804 1518 erant
833 1455 1004 1519 redactae.
1069 1456 1116 1520 Et
1148 1458 1253 1522 modo

201 1557 413 1640 principibus
430 1556 526 1636 regni
544 1557 611 1619 mei
628 1554 707 1619 dedi
722 1555 758 1617 in
778 1555 961 1633 mandatis
977 1557 1136 1620 omnibus
1150 1558 1253 1639 ¹uide-

202 1657 283 1720 licet
297 1656 356 1738 qui
367 1656 513 1719 inueniri
526 1662 699 1737 poterant,
714 1655 805 1737 quod
819 1654 870 1717 illi
886 1655 1167 1739 impedimentum
1182 1658 1253 1722 non

201 1756 364 1833 inferant,
396 1756 559 1838 quoniam
593 1755 755 1819 uoluntas
788 1774 866 1819 mea
898 1756 941 1819 de
973 1756 1159 1838 praedictis
1190 1759 1256 1822 im-

201 1856 317 1939 plendi
334 1856 449 1937 capiat
465 1854 636 1933 effectum,
653 1853 771 1919 diuina
786 1854 894 1919 fretus
914 1856 1054 1920 uirtute.
1108 1856 1154 1922 Et
1171 1858 1254 1923 uolo

204 1957 296 2039 quod
318 1956 369 2019 illi
386 1954 540 2019 homines
563 1955 623 2037 qui
645 1955 839 2037 praedictas
859 1956 1036 2037 possident
1058 1963 1169 2021 terras
1192 1959 1263 2042 ob<

203 2063 341 2120 seruent
357 2055 464 2118 uerba
480 2074 568 2137 qnae
584 2056 626 2118 de
649 2055 757 2138 patris
777 2056 844 2118 mei
861 2056 1073 2120 haereditate
1091 2058 1256 2139 redigun-

204 2165 262 2221 tur
282 2156 471 2237 inscriptis
493 2156 712 2237 inquantum
733 2162 892 2238 possunt,
912 2163 947 2219 et
969 2156 1004 2218 in
1025 2164 1192 2238 quantum
1210 2160 1268 2228 de,

204 2257 319 2320 futuro
347 2256 478 2319 firmius
507 2262 680 2337 poterunt.
752 2253 865 2318 Etiam
898 2255 979 2320 uolo
1010 2256 1102 2339 quod
1132 2258 1163 2320 si
1187 2279 1254 2341 ego

204 2357 306 2421 alicui
318 2356 395 2419 dedi
407 2356 462 2419 uel
473 2355 608 2419 feodum
621 2356 771 2437 aliquem
780 2356 824 2419 ad
835 2364 971 2439 tempus
981 2359 1253 2438 accommodaui,

106 2534 109 2539 ¹
206 2457 296 2539 quod
314 2455 365 2519 illi
383 2457 467 2520 meis
488 2457 647 2537 cognatis
671 2454 725 2519 uel
749 2455 820 2519 suis
839 2455 923 2518 illud
947 2458 1140 2522 ostendant.
1194 2459 1256 2522 In·

205 2577 310 2638 super
325 2557 404 2634 uolo
421 2556 513 2637 quod
534 2555 585 2619 illi
602 2555 756 2619 homines
777 2556 901 2638 quibus
923 2576 989 2637 ego
1013 2577 1107 2640 meas
1127 2558 1255 2624 liberas

206 2666 316 2721 terras
339 2656 497 2736 delegaui
528 2675 595 2720 non
619 2657 767 2719 alienent
792 2654 871 2719 illas
898 2675 919 2720 a
948 2676 1024 2721 mea
1046 2659 1255 2739 cognatione

207 2757 298 2820 ultra
324 2757 397 2819 dies
419 2775 511 2831 suos,
538 2764 572 2820 et
600 2755 681 2819 uolo
707 2754 799 2838 quod
827 2762 1004 2820 transeant
1033 2757 1154 2822 diebus
1181 2761 1255 2823 suis

205 2860 302 2919 meae
316 2856 550 2939 propinquiori
566 2856 778 2937 cognationi,
796 2856 920 2919 nisiex
939 2856 1063 2939 seipsis
1083 2862 1256 2940 procreati

206 2955 335 3019 fuerint
372 2956 433 3019 lilii
465 2956 629 3036 legitimi3
670 2963 705 3020 et
740 2962 822 3038 tunc
852 2975 896 3019 ex
929 2975 1005 3020 meo
1037 2957 1256 3040 beneplacito

205 3063 430 3138 permaneant
452 3056 544 3119 uirili
568 3056 667 3118 sexui
693 3057 737 3119 ab
765 3056 850 3137 ipsis
876 3056 1070 3138 progenito,
1088 3061 1255 3141 quamdiu

206 3174 294 3218 unus
310 3174 353 3218 ex
369 3156 418 3219 eis
434 3155 562 3219 uixerit
579 3175 682 3237 super
698 3161 834 3219 terram.
874 3155 967 3219 Nam
980 3163 1019 3238 ,et
1040 3154 1140 3240 pater
1157 3180 1254 3224 meus

206 3255 458 3333 eodemmodo
497 3259 606 3318 suam¹
632 3255 764 3336 legauit
801 3255 1060 3333 haereditatem,
1094 3260 1188 3340 quod
1225 3263 1254 3324 si

206 3354 323 3436 aliquo
348 3355 449 3433 modo
473 3355 605 3419 accidet
630 3362 670 3418 ut
689 3356 894 3438 perueniant
919 3362 1031 3420 terrae
1044 3415 1050 3420 .
1057 3359 1255 3442 praedictae

207 3453 375 3517 in‘manus
390 3454 582 3531 mulierum,
597 3463 678 3518 tunc
694 3455 776 3518 uolo
788 3456 878 3538 quod
896 3464 976 3537 post
992 3457 1122 3520 obitum
1138 3478 1256 3543 earum

206 3553 393 3618 reddantur
409 3555 700 3636 consanguinitati
720 3574 816 3619 meae
833 3555 924 3619 uirili
946 3575 991 3619 ex
1010 3576 1128 3620 aarum
1147 3560 1255 3642 uisce-
1282 3543 1285 3547 ἢ

207 3655 301 3717 ribus
320 3654 551 3731 descendenti,
577 3655 606 3717 si
625 3655 674 3717 ita
691 3654 795 3718 fuerit
819 3655 911 3737 quod
933 3656 1027 3738 ipsas
1047 3656 1110 3721 bas
1130 3665 1254 3738 terras

208 3756 282 3817 uita
302 3755 493 3834 comite,in
513 3754 660 3836 propriis
679 3756 838 3819 manibus
861 3756 1008 3819 retinere
1033 3756 1201 3834 uoluerit;
1225 3762 1256 3824 si

206 3874 290 3917 uero
310 3855 416 3918 aliter'
430 3853 593 3917 acciderit
607 3861 691 3919 tunc
712 3855 804 3918 ultra
826 3855 899 3918 dies
916 3874 998 3918 suos
1016 3855 1074 3919 fiet
1098 3857 1149 3920 ita
1166 3858 1256 3925 sicut

206 3972 269 4035 per
288 3955 383 4034 prius
403 3953 650 4035 delegauimus.
704 3954 859 4019 Ulterius
878 3956 955 4019 dico
978 3955 1071 4038 quod
1092 3956 1255 4026 reddatur

208 4055 251 4116 ab
283 4053 367 4135 ipsis
396 4073 459 4134 pro
492 4055 744 4133 sustentatione
776 4055 888 4119 uictus
921 4057 1253 4143 consanguineorum

206 4171 358 4216 meorum
381 4153 505 4235 quibus
528 4160 665 4234 oportet
690 4174 745 4217 me
769 4156 964 4239 praedictas
989 4164 1099 4219 terras
1125 4157 1253 4242 legare,
