2888 4890
189 328 254 396 168
440 343 613 393 cusum
636 340 985 390 suonossxonrcsn.

190 501 344 579 arwodu,
361 500 429 564 and
450 489 527 565 liber
550 488 1085 581 bundniogontig-gaesawaenra
1113 517 1248 561 eececra.

193 589 318 668 Doune
337 598 469 665 biddaell
490 605 545 665 liae
571 599 709 680 bisceop
731 598 799 662 and
820 596 864 661 da
886 597 999 661 biwau
1020 617 1066 661 on
1083 597 1250 663 Wintau-

192 709 335 767 ceastrae
363 706 435 764 beet
461 689 499 765 ts)
525 699 728 774 aelmaessan,
745 698 798 762 for
823 695 953 761 Godaes
975 696 1071 760 lusan
1098 697 1167 761 and
1195 697 1251 761 for

191 789 299 867 berae
326 786 468 880 hfiligan
498 798 658 874 ciriceau,
674 801 747 861 'dect
773 787 820 860 eii
847 786 939 862 barre
968 803 1088 860 stowee
1116 796 1250 860 londaes

193 888 323 964 mdraen
347 889 394 964 ne
414 898 551 974 willnie‚
573 896 704 961 sordem
725 899 771 960 lle
799 895 867 958 him
894 894 989 982 bineli
1012 896 1124 977 ymbee
1145 886 1249 960 ’δῑιιθ1

194 987 280 1076 ὴῖεε,
297 1004 370 1063 beet
392 1003 511 1062 naoaer
533 987 579 1060 ne‘
600 994 652 1059 5ae
667 985 713 1060 use
729 988 774 1059 fis
792 993 872 1059 God
888 1016 932 1059 ne
947 995 1043 1080 bursa
1064 1014 1251 1058 oncunnan

195 1099 249 1163 for
269 1088 375 1165 offeres
393 1097 587 1177 wauiungae
611 1115 656 1158 on
682 1086 785 1159 urum
812 1094 920 1175 daege‚
941 1081 1120 1159 sorbamus
1140 1082 1251 1158 'omres

198 1217 278 1263 waes
305 1187 422 1261 suillae
441 1195 542 1263 micel
555 1193 674 1259 Godes
703 1193 848 1258 baebodd
868 1185 918 1259 lla
934 1213 1023 1258 maen
1041 1197 1089 1259 ba
1108 1193 1189 1258 lond
1211 1184 1255 1259 td·

194 1288 285 1363 iidata
303 1305 423 1362 stowae
441 1294 624 1378 gesealdae.

658 1473 778 1486 ...η-ι

648 1580 774 1646 mxc.

357 1707 645 1797 ninwnnnn
671 1730 736 1796 os
759 1729 974 1810 wussnx‚
995 1731 1073 1796 909.

256 1882 294 1963 ›1‹
325 1879 460 1944 Suuuo
494 1885 599 1960 atque
634 1887 773 1943 aeterno
807 1899 887 1962 rege
921 1880 1140 1944 aeternaliter
1173 1901 1255 1964 reg·

199 1986 316 2057 naute,
332 1985 437 2061 atque
454 1978 569 2042 omnia
591 1978 742 2043 nisibilia
759 1986 794 2042 et
810 1979 999 2043 inuisibilia
1016 1979 1256 2045 ordinabiliter

201 2087 306 2162 atque
338 2077 664 2142 incommutabiliter
695 2077 917 2161 dispensante
951 2087 986 2143 et
1017 2081 1254 2160 gubernante!

202 2179 407 2260 Intelligens
423 2178 540 2241 omnia
559 2196 646 2259 pene
663 2179 850 2259 praeterita
867 2178 957 2242 dicta
980 2179 1037 2242 uel
1052 2178 1145 2243 facta
1161 2200 1254 2261 quae

200 2280 237 2343 iu
265 2287 525 2346 antecessorum
548 2284 743 2341 nostrorum
770 2278 890 2342 diebus
919 2285 1108 2342 euenerunt
1134 2279 1254 2343 fuscae

202 2378 367 2443 obliuioni
392 2376 533 2452 tradita,
562 2376 628 2440 nisi
655 2395 697 2439 ea
726 2386 816 2459 qnae
844 2377 992 2441 discrete
1019 2385 1054 2442 et
1081 2379 1257 2460 sapienter

201 2479 395 2542 litterarum
430 2475 585 2558 apicibus
618 2476 858 2540 commendata
884 2484 978 2554 sunt,
1000 2477 1256 2560 coniiciensque

203 2577 400 2660 praesentia
424 2583 459 2639 et
481 2574 599 2639 futura
626 2575 744 2639 eodem
767 2576 869 2640 modo
896 2576 979 2652 labi,
1006 2577 1072 2639 nisi
1096 2578 1254 2659 praefato

205 2676 323 2741 ordine
342 2676 536 2740 litterarum
556 2675 789 2739 caracteribus
810 2675 995 2757 diligenter
1011 2683 1046 2740 et
1062 2675 1217 2741 studiose
1233 2696 1256 2741 a

205 2774 439 2858 praesentium
460 2781 495 2839 et
513 2773 705 2838 futurorum
727 2781 920 2858 temporum
939 2775 1076 2856 regibus
1097 2783 1133 2839 et
1154 2795 1253 2858 prae-

204 2875 336 2938 sulibus
360 2874 524 2955 insignita
548 2872 694 2952 fuerint3
724 2883 935 2957 quapropter
962 2895 1027 2957 ego
1056 2874 1255 2955 Eaduuard,

206 2973 325 3038 diuina
371 2972 571 3055 indulgente
609 2973 803 3050 clementia,
848 2972 1138 3056 Angulsaxouum
1179 2978 1257 3053 r'ex,

205 3081 348 3155 rogatus
378 3073 426 3137 fni
453 3092 474 3136 a
502 3091 579 3135 meo
602 3072 728 3137 dilecto
756 3073 919 3156 episcopo
955 3060 1162 3139 Friltestano
1189 3082 1259 3138 ter·

207 3173 328 3236 ritoria
346 3172 532 3236 aecclesiae
549 3171 603 3235 dei
624 3171 680 3235 cui
699 3171 915 3236 deseruiebat
937 3172 1141 3251 pertinentia
1157 3175 1258 3239 nouis

205 3273 400 3336 litterarum
433 3272 588 3354 apicibus
626 3278 793 3336 renouare
830 3279 865 3336 et
898 3259 1054 3336 ueterum
1091 3273 1256 3337 librorum

206 3371 427 3446 monimenta,
440 3371 570 3434 recenti
588 3377 791 3453 recuperata
805 3373 1023 3451 auctoritate,
1039 3379 1256 3448 restaurar03

207 3471 348 3546 idcirco,
384 3470 475 3534 uotis
508 3471 582 3534 eius
622 3471 767 3535 libenter
802 3472 1054 3553 obtemperans,
1091 3469 1259 3536 renouare

207 3569 324 3635 studui
352 3569 560 3632 territorium
589 3569 684 3633 illius
708 3570 841 3634 telluris
869 3589 958 3653 quae
982 3569 1161 3634 Alresford
1187 3573 1257 3635 usi-

207 3676 283 3734 tato
316 3669 450 3732 dicitur.
468 3669 648 3746 uocabulo,
679 3668 834 3751 praefato
866 3670 1028 3752 episcopo
1058 3670 1257 3735 cathedram

202 3768 299 3832 beati
333 3767 430 3831 Petri
456 3768 689 3848 apostolorum
717 3769 882 3851 principis
901 3768 1072 3852 Paulique
1101 3771 1176 3834 eius
1197 3791 1257 3837 co·

207 3866 357 3950 apostoli
394 3865 615 3949 praesidenti,
648 3868 699 3930 uti
729 3867 892 3932 Cenwald
921 3875 1027 3952 atque
1054 3868 1129 3946 Ine,
1165 3870 1258 3952 Ege·

201 3967 378 4048 byrhtque
420 3966 485 4029 mei
530 3973 767 4031 antecessores
813 3967 950 4031 domino
990 3976 1108 4033 nostro
1151 3969 1258 4036 Ibesu

207 4066 346 4130 Christo
377 4065 529 4129 omnium
563 4085 676 4129 rerum
710 4066 880 4132 conditori
910 4075 1051 4132 aeterna
1081 4088 1261 4136 concesse-

560 4179 567 4209 ¹
587 4184 644 4233 MS.
656 4184 714 4245 binc
725 4179 819 4247 bynbae
830 4185 907 4237 dimo.
