<?xml version="1.0" encoding="UTF-8"?>
<!DOCTYPE html PUBLIC "-//W3C//DTD XHTML 1.0 Transitional//EN"
    "http://www.w3.org/TR/xhtml1/DTD/xhtml1-transitional.dtd">
<html xmlns="http://www.w3.org/1999/xhtml" xml:lang="en" lang="en">
 <head>
  <title>
</title>
<meta http-equiv="Content-Type" content="text/html;charset=utf-8" />
  <meta name='ocr-system' content='tesseract 3.04.00' />
  <meta name='ocr-capabilities' content='ocr_page ocr_carea ocr_par ocr_line ocrx_word'/>
</head>
<body>
  <div class='ocr_page' id='page_1' title='image "./codexdiplomatic02kembgoog_0194.png"; bbox 0 0 2888 4890; ppageno 0'>
   <div class='ocr_carea' id='block_1_1' title="bbox 463 352 1263 419">
    <p class='ocr_par' dir='ltr' id='par_1_1' title="bbox 463 352 1263 419">
     <span class='ocr_line' id='line_1_1' title="bbox 463 352 1263 419; baseline 0.01 -8"><span class='ocrx_word' id='word_1_1' title='bbox 463 362 635 415; x_wconf 76' lang='lat' dir='ltr'>onsurae</span> <span class='ocrx_word' id='word_1_2' title='bbox 657 363 1007 416; x_wconf 74' lang='lat' dir='ltr'>suonossxorucne.·</span> <span class='ocrx_word' id='word_1_3' title='bbox 1197 352 1263 419; x_wconf 87' lang='grc'>169</span> 
     </span>
    </p>
   </div>
   <div class='ocr_carea' id='block_1_2' title="bbox 191 509 1327 4194">
    <p class='ocr_par' dir='ltr' id='par_1_2' title="bbox 193 509 1264 3567">
     <span class='ocr_line' id='line_1_2' title="bbox 207 509 1261 605; baseline 0.006 -24"><span class='ocrx_word' id='word_1_4' title='bbox 207 524 288 582; x_wconf 85' lang='lat' dir='ltr'>rant</span> <span class='ocrx_word' id='word_1_5' title='bbox 320 509 492 584; x_wconf 86' lang='lat' dir='ltr'>libertate.</span> <span class='ocrx_word' id='word_1_6' title='bbox 543 519 745 585; x_wconf 84' lang='lat' dir='ltr'>Praeiatum</span> <span class='ocrx_word' id='word_1_7' title='bbox 774 520 932 603; x_wconf 85' lang='lat' dir='ltr'>equidem</span> <span class='ocrx_word' id='word_1_8' title='bbox 960 538 1021 583; x_wconf 89' lang='lat' dir='ltr'>rus</span> <span class='ocrx_word' id='word_1_9' title='bbox 1053 540 1117 602; x_wconf 91' lang='lat' dir='ltr'>pro</span> <span class='ocrx_word' id='word_1_10' title='bbox 1139 528 1261 605; x_wconf 91' lang='lat' dir='ltr'>stupro</span> 
     </span>
     <span class='ocr_line' id='line_1_3' title="bbox 207 617 1257 686; baseline 0.005 -5"><span class='ocrx_word' id='word_1_11' title='bbox 207 617 388 682; x_wconf 88' lang='lat' dir='ltr'>cuiusdam</span> <span class='ocrx_word' id='word_1_12' title='bbox 404 619 522 683; x_wconf 87' lang='lat' dir='ltr'>militis</span> <span class='ocrx_word' id='word_1_13' title='bbox 545 621 601 684; x_wconf 92' lang='lat' dir='ltr'>cui</span> <span class='ocrx_word' id='word_1_14' title='bbox 620 619 915 684; x_wconf 91' lang='lat' dir='ltr'>accommodatum</span> <span class='ocrx_word' id='word_1_15' title='bbox 931 619 1045 683; x_wconf 89' lang='lat' dir='ltr'>fuerat</span> <span class='ocrx_word' id='word_1_16' title='bbox 1064 627 1104 683; x_wconf 91' lang='lat' dir='ltr'>ut</span> <span class='ocrx_word' id='word_1_17' title='bbox 1119 639 1257 686; x_wconf 89' lang='lat' dir='ltr'>censum</span> 
     </span>
     <span class='ocr_line' id='line_1_4' title="bbox 205 706 1260 801; baseline 0.007 -22"><span class='ocrx_word' id='word_1_18' title='bbox 205 706 353 799; x_wconf 79' lang='lat' dir='ltr'>siugulis</span> <span class='ocrx_word' id='word_1_19' title='bbox 376 719 477 783; x_wconf 87' lang='lat' dir='ltr'>anuis</span> <span class='ocrx_word' id='word_1_20' title='bbox 499 720 712 801; x_wconf 88' lang='lat' dir='ltr'>persolueret</span> <span class='ocrx_word' id='word_1_21' title='bbox 741 719 921 796; x_wconf 89' lang='lat' dir='ltr'>indictum,</span> <span class='ocrx_word' id='word_1_22' title='bbox 948 737 968 781; x_wconf 94' lang='lat' dir='ltr'>a</span> <span class='ocrx_word' id='word_1_23' title='bbox 993 719 1151 801; x_wconf 87' lang='lat' dir='ltr'>praefata</span> <span class='ocrx_word' id='word_1_24' title='bbox 1180 741 1260 786; x_wconf 87' lang='lat' dir='ltr'>aec·</span> 
     </span>
     <span class='ocr_line' id='line_1_5' title="bbox 206 815 1264 900; baseline 0.006 -20"><span class='ocrx_word' id='word_1_25' title='bbox 206 815 312 881; x_wconf 85' lang='lat' dir='ltr'>clesia</span> <span class='ocrx_word' id='word_1_26' title='bbox 342 817 471 882; x_wconf 90' lang='lat' dir='ltr'>iniuste</span> <span class='ocrx_word' id='word_1_27' title='bbox 494 820 707 883; x_wconf 88' lang='lat' dir='ltr'>abstractum</span> <span class='ocrx_word' id='word_1_28' title='bbox 729 837 839 900; x_wconf 83' lang='lat' dir='ltr'><strong>nuper</strong></span> <span class='ocrx_word' id='word_1_29' title='bbox 868 819 993 895; x_wconf 88' lang='lat' dir='ltr'>fuerat,</span> <span class='ocrx_word' id='word_1_30' title='bbox 1015 818 1074 881; x_wconf 89' lang='lat' dir='ltr'>sed</span> <span class='ocrx_word' id='word_1_31' title='bbox 1097 818 1264 886; x_wconf 86' lang='lat' dir='ltr'>Denewlf</span> 
     </span>
     <span class='ocr_line' id='line_1_6' title="bbox 207 914 1258 1001; baseline 0.005 -22"><span class='ocrx_word' id='word_1_32' title='bbox 207 914 413 982; x_wconf 82' lang='lat' dir='ltr'>Uuentanae</span> <span class='ocrx_word' id='word_1_33' title='bbox 426 918 614 983; x_wconf 82' lang='lat' dir='ltr'>aecclesiae</span> <span class='ocrx_word' id='word_1_34' title='bbox 626 917 825 983; x_wconf 81' lang='lat' dir='ltr'>cathedram</span> <span class='ocrx_word' id='word_1_35' title='bbox 836 917 896 981; x_wconf 93' lang='lat' dir='ltr'>illo</span> <span class='ocrx_word' id='word_1_36' title='bbox 910 918 944 981; x_wconf 93' lang='lat' dir='ltr'>iu</span> <span class='ocrx_word' id='word_1_37' title='bbox 960 924 1113 998; x_wconf 89' lang='lat' dir='ltr'>tempore</span> <span class='ocrx_word' id='word_1_38' title='bbox 1122 939 1258 1001; x_wconf 85' lang='lat' dir='ltr'>regens,</span> 
     </span>
     <span class='ocr_line' id='line_1_7' title="bbox 204 1008 1257 1100; baseline 0.006 -22"><span class='ocrx_word' id='word_1_39' title='bbox 204 1008 363 1096; x_wconf 80' lang='lat' dir='ltr'>pateram</span> <span class='ocrx_word' id='word_1_40' title='bbox 378 1023 513 1082; x_wconf 92' lang='lat' dir='ltr'>centum</span> <span class='ocrx_word' id='word_1_41' title='bbox 528 1018 603 1081; x_wconf 88' lang='lat' dir='ltr'>auri</span> <span class='ocrx_word' id='word_1_42' title='bbox 621 1017 715 1082; x_wconf 89' lang='lat' dir='ltr'>siclis</span> <span class='ocrx_word' id='word_1_43' title='bbox 736 1016 986 1100; x_wconf 87' lang='lat' dir='ltr'>appendentem</span> <span class='ocrx_word' id='word_1_44' title='bbox 1004 1017 1077 1098; x_wconf 85' lang='lat' dir='ltr'>regi</span> <span class='ocrx_word' id='word_1_45' title='bbox 1095 1018 1154 1100; x_wconf 93' lang='lat' dir='ltr'>qui</span> <span class='ocrx_word' id='word_1_46' title='bbox 1174 1026 1257 1084; x_wconf 93' lang='lat' dir='ltr'>tunc</span> 
     </span>
     <span class='ocr_line' id='line_1_8' title="bbox 205 1113 1259 1199; baseline 0.005 -21"><span class='ocrx_word' id='word_1_47' title='bbox 205 1116 372 1198; x_wconf 87' lang='lat' dir='ltr'>temporis</span> <span class='ocrx_word' id='word_1_48' title='bbox 411 1113 713 1199; x_wconf 81' lang='lat' dir='ltr'>Angulsaxoniam</span> <span class='ocrx_word' id='word_1_49' title='bbox 746 1117 899 1198; x_wconf 84' lang='lat' dir='ltr'>regebat,</span> <span class='ocrx_word' id='word_1_50' title='bbox 931 1116 1012 1179; x_wconf 90' lang='lat' dir='ltr'>licet</span> <span class='ocrx_word' id='word_1_51' title='bbox 1044 1135 1113 1179; x_wconf 90' lang='lat' dir='ltr'>non</span> <span class='ocrx_word' id='word_1_52' title='bbox 1155 1117 1259 1196; x_wconf 89' lang='lat' dir='ltr'>iuste,</span> 
     </span>
     <span class='ocr_line' id='line_1_9' title="bbox 205 1214 1259 1299; baseline 0.006 -22"><span class='ocrx_word' id='word_1_53' title='bbox 205 1214 339 1292; x_wconf 85' lang='lat' dir='ltr'>tribuit,</span> <span class='ocrx_word' id='word_1_54' title='bbox 365 1223 402 1280; x_wconf 90' lang='lat' dir='ltr'>et</span> <span class='ocrx_word' id='word_1_55' title='bbox 424 1217 677 1298; x_wconf 88' lang='lat' dir='ltr'>possessionem</span> <span class='ocrx_word' id='word_1_56' title='bbox 700 1215 745 1280; x_wconf 91' lang='lat' dir='ltr'>ad</span> <span class='ocrx_word' id='word_1_57' title='bbox 769 1235 853 1280; x_wconf 91' lang='lat' dir='ltr'>usus</span> <span class='ocrx_word' id='word_1_58' title='bbox 877 1214 1133 1279; x_wconf 83' lang='lat' dir='ltr'>succedentium</span> <span class='ocrx_word' id='word_1_59' title='bbox 1157 1237 1259 1299; x_wconf 88' lang='lat' dir='ltr'>prae-</span> 
     </span>
     <span class='ocr_line' id='line_1_10' title="bbox 205 1312 1256 1399; baseline 0.005 -23"><span class='ocrx_word' id='word_1_60' title='bbox 205 1312 318 1377; x_wconf 83' lang='lat' dir='ltr'>sulum</span> <span class='ocrx_word' id='word_1_61' title='bbox 335 1314 521 1380; x_wconf 84' lang='lat' dir='ltr'>aecclesiae</span> <span class='ocrx_word' id='word_1_62' title='bbox 536 1316 590 1399; x_wconf 91' lang='lat' dir='ltr'>dei</span> <span class='ocrx_word' id='word_1_63' title='bbox 612 1315 775 1381; x_wconf 85' lang='lat' dir='ltr'>restituit.</span> <span class='ocrx_word' id='word_1_64' title='bbox 827 1313 1072 1381; x_wconf 88' lang='lat' dir='ltr'>Praecauendo</span> <span class='ocrx_word' id='word_1_65' title='bbox 1089 1314 1196 1397; x_wconf 86' lang='lat' dir='ltr'>igitur</span> <span class='ocrx_word' id='word_1_66' title='bbox 1213 1337 1256 1381; x_wconf 91' lang='lat' dir='ltr'>ne</span> 
     </span>
     <span class='ocr_line' id='line_1_11' title="bbox 202 1411 1258 1498; baseline 0.008 -25"><span class='ocrx_word' id='word_1_67' title='bbox 202 1412 274 1476; x_wconf 89' lang='lat' dir='ltr'>tale</span> <span class='ocrx_word' id='word_1_68' title='bbox 303 1414 491 1496; x_wconf 88' lang='lat' dir='ltr'>periculum</span> <span class='ocrx_word' id='word_1_69' title='bbox 518 1411 665 1498; x_wconf 88' lang='lat' dir='ltr'>posteris</span> <span class='ocrx_word' id='word_1_70' title='bbox 693 1415 811 1479; x_wconf 86' lang='lat' dir='ltr'>futuro</span> <span class='ocrx_word' id='word_1_71' title='bbox 837 1420 990 1496; x_wconf 88' lang='lat' dir='ltr'>ternpore</span> <span class='ocrx_word' id='word_1_72' title='bbox 1016 1413 1258 1481; x_wconf 74' lang='lat' dir='ltr'>miserabiliter</span> 
     </span>
     <span class='ocr_line' id='line_1_12' title="bbox 204 1512 1256 1596; baseline 0.005 -21"><span class='ocrx_word' id='word_1_73' title='bbox 204 1512 354 1590; x_wconf 90' lang='lat' dir='ltr'>eueniat,</span> <span class='ocrx_word' id='word_1_74' title='bbox 386 1533 452 1596; x_wconf 78' lang='lat' dir='ltr'>ego</span> <span class='ocrx_word' id='word_1_75' title='bbox 490 1514 732 1592; x_wconf 90' lang='lat' dir='ltr'>Eaduuardus,</span> <span class='ocrx_word' id='word_1_76' title='bbox 771 1512 888 1576; x_wconf 92' lang='lat' dir='ltr'>diuina</span> <span class='ocrx_word' id='word_1_77' title='bbox 926 1513 1096 1594; x_wconf 86' lang='lat' dir='ltr'>largiente</span> <span class='ocrx_word' id='word_1_78' title='bbox 1129 1517 1256 1596; x_wconf 83' lang='lat' dir='ltr'>gratia,</span> 
     </span>
     <span class='ocr_line' id='line_1_13' title="bbox 204 1608 1254 1696; baseline 0.006 -22"><span class='ocrx_word' id='word_1_79' title='bbox 204 1608 495 1693; x_wconf 78' lang='lat' dir='ltr'>Angulsaxouum</span> <span class='ocrx_word' id='word_1_80' title='bbox 517 1634 592 1690; x_wconf 84' lang='lat' dir='ltr'>rex,</span> <span class='ocrx_word' id='word_1_81' title='bbox 613 1621 648 1678; x_wconf 89' lang='lat' dir='ltr'>et</span> <span class='ocrx_word' id='word_1_82' title='bbox 664 1612 858 1696; x_wconf 81' lang='lat' dir='ltr'>Plegmund</span> <span class='ocrx_word' id='word_1_83' title='bbox 876 1612 1151 1678; x_wconf 88' lang='lat' dir='ltr'>Doruberuensis</span> <span class='ocrx_word' id='word_1_84' title='bbox 1175 1635 1254 1680; x_wconf 88' lang='lat' dir='ltr'>aec·</span> 
     </span>
     <span class='ocr_line' id='line_1_14' title="bbox 203 1709 1254 1796; baseline 0.006 -23"><span class='ocrx_word' id='word_1_85' title='bbox 203 1709 330 1775; x_wconf 89' lang='lat' dir='ltr'>clesiae</span> <span class='ocrx_word' id='word_1_86' title='bbox 371 1712 661 1796; x_wconf 84' lang='lat' dir='ltr'>archiepiscopus,</span> <span class='ocrx_word' id='word_1_87' title='bbox 693 1713 889 1793; x_wconf 88' lang='lat' dir='ltr'>caeterique</span> <span class='ocrx_word' id='word_1_88' title='bbox 924 1711 1133 1795; x_wconf 83' lang='lat' dir='ltr'>suffraganei</span> <span class='ocrx_word' id='word_1_89' title='bbox 1167 1734 1254 1796; x_wconf 88' lang='lat' dir='ltr'>quo·</span> 
     </span>
     <span class='ocr_line' id='line_1_15' title="bbox 203 1810 1255 1888; baseline 0.009 -17"><span class='ocrx_word' id='word_1_90' title='bbox 203 1829 278 1873; x_wconf 90' lang='lat' dir='ltr'>rum</span> <span class='ocrx_word' id='word_1_91' title='bbox 312 1810 455 1876; x_wconf 86' lang='lat' dir='ltr'>inferius</span> <span class='ocrx_word' id='word_1_92' title='bbox 489 1813 659 1877; x_wconf 88' lang='lat' dir='ltr'>uocabula</span> <span class='ocrx_word' id='word_1_93' title='bbox 691 1819 868 1888; x_wconf 87' lang='lat' dir='ltr'>notantur,</span> <span class='ocrx_word' id='word_1_94' title='bbox 901 1810 937 1874; x_wconf 91' lang='lat' dir='ltr'>in</span> <span class='ocrx_word' id='word_1_95' title='bbox 971 1812 1107 1875; x_wconf 88' lang='lat' dir='ltr'>nomine</span> <span class='ocrx_word' id='word_1_96' title='bbox 1142 1813 1255 1880; x_wconf 90' lang='lat' dir='ltr'>almae</span> 
     </span>
     <span class='ocr_line' id='line_1_16' title="bbox 201 1909 1251 1994; baseline 0.007 -23"><span class='ocrx_word' id='word_1_97' title='bbox 201 1909 365 1975; x_wconf 81' lang='lat' dir='ltr'>trinitatis</span> <span class='ocrx_word' id='word_1_98' title='bbox 391 1918 497 1994; x_wconf 90' lang='lat' dir='ltr'>atque</span> <span class='ocrx_word' id='word_1_99' title='bbox 526 1911 724 1976; x_wconf 81' lang='lat' dir='ltr'>indiuiduas</span> <span class='ocrx_word' id='word_1_100' title='bbox 751 1911 895 1975; x_wconf 91' lang='lat' dir='ltr'>unitatis</span> <span class='ocrx_word' id='word_1_101' title='bbox 921 1912 1164 1993; x_wconf 86' lang='lat' dir='ltr'>praecipimus,</span> <span class='ocrx_word' id='word_1_102' title='bbox 1181 1921 1251 1978; x_wconf 90' lang='lat' dir='ltr'>tarn</span> 
     </span>
     <span class='ocr_line' id='line_1_17' title="bbox 203 1992 1252 2094; baseline 0.006 -23"><span class='ocrx_word' id='word_1_103' title='bbox 203 2007 407 2075; x_wconf 69' lang='lat' dir='ltr'>Fridestauo</span> <span class='ocrx_word' id='word_1_104' title='bbox 435 2011 587 2076; x_wconf 89' lang='lat' dir='ltr'>eiusdem</span> <span class='ocrx_word' id='word_1_105' title='bbox 617 2011 811 2077; x_wconf 89' lang='lat' dir='ltr'>Wentanae</span> <span class='ocrx_word' id='word_1_106' title='bbox 839 2009 930 2074; x_wconf 90' lang='lat' dir='ltr'>sedis</span> <span class='ocrx_word' id='word_1_107' title='bbox 959 2011 1120 2092; x_wconf 87' lang='lat' dir='ltr'>episcopo</span> <span class='ocrx_word' id='word_1_108' title='bbox 1147 1992 1252 2094; x_wconf 66' lang='lat' dir='ltr'>uuam</span> 
     </span>
     <span class='ocr_line' id='line_1_18' title="bbox 201 2108 1252 2188; baseline 0.005 -17"><span class='ocrx_word' id='word_1_109' title='bbox 201 2109 336 2173; x_wconf 88' lang='lat' dir='ltr'>cunctis</span> <span class='ocrx_word' id='word_1_110' title='bbox 362 2108 436 2173; x_wconf 89' lang='lat' dir='ltr'>eius</span> <span class='ocrx_word' id='word_1_111' title='bbox 460 2111 729 2188; x_wconf 87' lang='lat' dir='ltr'>successoribus,</span> <span class='ocrx_word' id='word_1_112' title='bbox 746 2117 786 2173; x_wconf 91' lang='lat' dir='ltr'>ut</span> <span class='ocrx_word' id='word_1_113' title='bbox 810 2108 896 2172; x_wconf 94' lang='lat' dir='ltr'>nulli</span> <span class='ocrx_word' id='word_1_114' title='bbox 916 2108 1142 2173; x_wconf 89' lang='lat' dir='ltr'>saecularium</span> <span class='ocrx_word' id='word_1_115' title='bbox 1166 2112 1252 2176; x_wconf 91' lang='lat' dir='ltr'>mili·</span> 
     </span>
     <span class='ocr_line' id='line_1_19' title="bbox 199 2207 1251 2292; baseline 0.005 -22"><span class='ocrx_word' id='word_1_116' title='bbox 199 2212 286 2286; x_wconf 90' lang='lat' dir='ltr'>tum,</span> <span class='ocrx_word' id='word_1_117' title='bbox 303 2228 366 2272; x_wconf 91' lang='lat' dir='ltr'>uec</span> <span class='ocrx_word' id='word_1_118' title='bbox 393 2209 507 2292; x_wconf 87' lang='lat' dir='ltr'>ipsum</span> <span class='ocrx_word' id='word_1_119' title='bbox 527 2230 597 2286; x_wconf 87' lang='lat' dir='ltr'>rus,</span> <span class='ocrx_word' id='word_1_120' title='bbox 619 2229 682 2274; x_wconf 91' lang='lat' dir='ltr'>nec</span> <span class='ocrx_word' id='word_1_121' title='bbox 705 2209 797 2274; x_wconf 89' lang='lat' dir='ltr'>aliud</span> <span class='ocrx_word' id='word_1_122' title='bbox 825 2207 965 2290; x_wconf 87' lang='lat' dir='ltr'>aliquod</span> <span class='ocrx_word' id='word_1_123' title='bbox 983 2208 1026 2271; x_wconf 85' lang='lat' dir='ltr'>ad</span> <span class='ocrx_word' id='word_1_124' title='bbox 1050 2208 1251 2275; x_wconf 85' lang='lat' dir='ltr'>aecclesiam</span> 
     </span>
     <span class='ocr_line' id='line_1_20' title="bbox 199 2305 1251 2392; baseline 0.004 -22"><span class='ocrx_word' id='word_1_125' title='bbox 199 2305 256 2371; x_wconf 91' lang='lat' dir='ltr'>dei</span> <span class='ocrx_word' id='word_1_126' title='bbox 280 2308 467 2390; x_wconf 87' lang='lat' dir='ltr'>pertinens,</span> <span class='ocrx_word' id='word_1_127' title='bbox 495 2329 558 2392; x_wconf 92' lang='lat' dir='ltr'>pro</span> <span class='ocrx_word' id='word_1_128' title='bbox 584 2329 724 2373; x_wconf 90' lang='lat' dir='ltr'>munere</span> <span class='ocrx_word' id='word_1_129' title='bbox 751 2308 918 2391; x_wconf 90' lang='lat' dir='ltr'>quolibet,</span> <span class='ocrx_word' id='word_1_130' title='bbox 944 2326 987 2370; x_wconf 93' lang='lat' dir='ltr'>ne</span> <span class='ocrx_word' id='word_1_131' title='bbox 1012 2308 1092 2371; x_wconf 89' lang='lat' dir='ltr'>talis</span> <span class='ocrx_word' id='word_1_132' title='bbox 1118 2318 1251 2391; x_wconf 89' lang='lat' dir='ltr'>pertur-</span> 
     </span>
     <span class='ocr_line' id='line_1_21' title="bbox 200 2404 1249 2492; baseline 0.004 -22"><span class='ocrx_word' id='word_1_133' title='bbox 200 2405 295 2472; x_wconf 87' lang='lat' dir='ltr'>batio</span> <span class='ocrx_word' id='word_1_134' title='bbox 311 2408 498 2473; x_wconf 88' lang='lat' dir='ltr'>aecclesiae</span> <span class='ocrx_word' id='word_1_135' title='bbox 517 2409 573 2473; x_wconf 90' lang='lat' dir='ltr'>dei</span> <span class='ocrx_word' id='word_1_136' title='bbox 594 2408 773 2492; x_wconf 84' lang='lat' dir='ltr'>contingat</span> <span class='ocrx_word' id='word_1_137' title='bbox 792 2404 831 2471; x_wconf 77' lang='lat' dir='ltr'>u&#39;t</span> <span class='ocrx_word' id='word_1_138' title='bbox 849 2426 909 2489; x_wconf 89' lang='lat' dir='ltr'>per</span> <span class='ocrx_word' id='word_1_139' title='bbox 920 2414 1085 2489; x_wconf 90' lang='lat' dir='ltr'>stuprum</span> <span class='ocrx_word' id='word_1_140' title='bbox 1100 2410 1249 2489; x_wconf 84' lang='lat' dir='ltr'>praelati</span> 
     </span>
     <span class='ocr_line' id='line_1_22' title="bbox 198 2505 1249 2590; baseline 0.006 -21"><span class='ocrx_word' id='word_1_141' title='bbox 198 2505 319 2570; x_wconf 90' lang='lat' dir='ltr'>militis</span> <span class='ocrx_word' id='word_1_142' title='bbox 350 2509 509 2590; x_wconf 82' lang='lat' dir='ltr'>contigit,</span> <span class='ocrx_word' id='word_1_143' title='bbox 543 2507 626 2572; x_wconf 89' lang='lat' dir='ltr'>dare</span> <span class='ocrx_word' id='word_1_144' title='bbox 657 2508 714 2573; x_wconf 90' lang='lat' dir='ltr'>uel</span> <span class='ocrx_word' id='word_1_145' title='bbox 749 2505 1007 2573; x_wconf 88' lang='lat' dir='ltr'>accommodare</span> <span class='ocrx_word' id='word_1_146' title='bbox 1039 2517 1249 2588; x_wconf 88' lang='lat' dir='ltr'>praesumat.</span> 
     </span>
     <span class='ocr_line' id='line_1_23' title="bbox 198 2603 1250 2702; baseline 0.002 -33"><span class='ocrx_word' id='word_1_147' title='bbox 198 2603 272 2684; x_wconf 80' lang='lat' dir='ltr'>Qui</span> <span class='ocrx_word' id='word_1_148' title='bbox 299 2614 414 2672; x_wconf 89' lang='lat' dir='ltr'>autem</span> <span class='ocrx_word' id='word_1_149' title='bbox 443 2606 773 2702; x_wconf 55' lang='lat' dir='ltr'>temerarius‚nefas</span> <span class='ocrx_word' id='word_1_150' title='bbox 799 2605 1019 2670; x_wconf 90' lang='lat' dir='ltr'>interdictum</span> <span class='ocrx_word' id='word_1_151' title='bbox 1049 2626 1250 2690; x_wconf 88' lang='lat' dir='ltr'>praesump-</span> 
     </span>
     <span class='ocr_line' id='line_1_24' title="bbox 198 2703 1249 2784; baseline 0.003 -15"><span class='ocrx_word' id='word_1_152' title='bbox 198 2705 294 2784; x_wconf 86' lang='lat' dir='ltr'>serit,</span> <span class='ocrx_word' id='word_1_153' title='bbox 314 2706 499 2772; x_wconf 88' lang='lat' dir='ltr'>anathema</span> <span class='ocrx_word' id='word_1_154' title='bbox 524 2707 582 2784; x_wconf 90' lang='lat' dir='ltr'>sit,</span> <span class='ocrx_word' id='word_1_155' title='bbox 603 2714 638 2771; x_wconf 90' lang='lat' dir='ltr'>et</span> <span class='ocrx_word' id='word_1_156' title='bbox 665 2707 872 2771; x_wconf 87' lang='lat' dir='ltr'>auctoritate</span> <span class='ocrx_word' id='word_1_157' title='bbox 893 2705 987 2769; x_wconf 89' lang='lat' dir='ltr'>beati</span> <span class='ocrx_word' id='word_1_158' title='bbox 1013 2703 1122 2782; x_wconf 89' lang='lat' dir='ltr'>Petri,</span> <span class='ocrx_word' id='word_1_159' title='bbox 1148 2708 1249 2772; x_wconf 82' lang='lat' dir='ltr'>cuius</span> 
     </span>
     <span class='ocr_line' id='line_1_25' title="bbox 198 2804 1248 2889; baseline 0.003 -20"><span class='ocrx_word' id='word_1_160' title='bbox 198 2805 372 2886; x_wconf 78' lang='lat' dir='ltr'>possessio</span> <span class='ocrx_word' id='word_1_161' title='bbox 398 2813 463 2884; x_wconf 89' lang='lat' dir='ltr'>est,</span> <span class='ocrx_word' id='word_1_162' title='bbox 487 2807 695 2889; x_wconf 88' lang='lat' dir='ltr'>dampnatus</span> <span class='ocrx_word' id='word_1_163' title='bbox 721 2807 880 2880; x_wconf 90' lang='lat' dir='ltr'>intereat,</span> <span class='ocrx_word' id='word_1_164' title='bbox 914 2804 979 2867; x_wconf 91' lang='lat' dir='ltr'>nisi</span> <span class='ocrx_word' id='word_1_165' title='bbox 1009 2823 1087 2868; x_wconf 91' lang='lat' dir='ltr'>cum</span> <span class='ocrx_word' id='word_1_166' title='bbox 1118 2806 1248 2872; x_wconf 91' lang='lat' dir='ltr'>eiulatu</span> 
     </span>
     <span class='ocr_line' id='line_1_26' title="bbox 197 2904 1246 2988; baseline 0.002 -21"><span class='ocrx_word' id='word_1_167' title='bbox 197 2922 324 2986; x_wconf 81' lang='lat' dir='ltr'>magno</span> <span class='ocrx_word' id='word_1_168' title='bbox 343 2906 435 2988; x_wconf 92' lang='lat' dir='ltr'>quod</span> <span class='ocrx_word' id='word_1_169' title='bbox 452 2914 573 2971; x_wconf 83' lang='lat' dir='ltr'>contra</span> <span class='ocrx_word' id='word_1_170' title='bbox 594 2914 748 2971; x_wconf 89' lang='lat' dir='ltr'>nostrum</span> <span class='ocrx_word' id='word_1_171' title='bbox 767 2905 939 2968; x_wconf 90' lang='lat' dir='ltr'>decretum</span> <span class='ocrx_word' id='word_1_172' title='bbox 962 2904 1106 2968; x_wconf 86' lang='lat' dir='ltr'>abstulit</span> <span class='ocrx_word' id='word_1_173' title='bbox 1128 2907 1246 2987; x_wconf 90' lang='lat' dir='ltr'>poeui-</span> 
     </span>
     <span class='ocr_line' id='line_1_27' title="bbox 197 3002 1248 3071; baseline 0.003 -4"><span class='ocrx_word' id='word_1_174' title='bbox 197 3003 301 3068; x_wconf 90' lang='lat' dir='ltr'>tendo</span> <span class='ocrx_word' id='word_1_175' title='bbox 326 3012 406 3069; x_wconf 90' lang='lat' dir='ltr'>aute</span> <span class='ocrx_word' id='word_1_176' title='bbox 430 3006 562 3071; x_wconf 89' lang='lat' dir='ltr'>obitum</span> <span class='ocrx_word' id='word_1_177' title='bbox 591 3025 690 3069; x_wconf 92' lang='lat' dir='ltr'>suum</span> <span class='ocrx_word' id='word_1_178' title='bbox 718 3003 918 3068; x_wconf 85' lang='lat' dir='ltr'>restituerit.</span> <span class='ocrx_word' id='word_1_179' title='bbox 981 3002 1081 3067; x_wconf 88' lang='lat' dir='ltr'>Haec</span> <span class='ocrx_word' id='word_1_180' title='bbox 1113 3007 1248 3071; x_wconf 88' lang='lat' dir='ltr'>cartula</span> 
     </span>
     <span class='ocr_line' id='line_1_28' title="bbox 196 3102 1245 3192; baseline 0.002 -26"><span class='ocrx_word' id='word_1_181' title='bbox 196 3103 326 3186; x_wconf 86' lang='lat' dir='ltr'>scripta</span> <span class='ocrx_word' id='word_1_182' title='bbox 345 3112 399 3169; x_wconf 91' lang='lat' dir='ltr'>est</span> <span class='ocrx_word' id='word_1_183' title='bbox 418 3124 510 3192; x_wconf 79' lang='lat' dir='ltr'>anno</span> <span class='ocrx_word' id='word_1_184' title='bbox 533 3106 577 3168; x_wconf 90' lang='lat' dir='ltr'>ab</span> <span class='ocrx_word' id='word_1_185' title='bbox 597 3104 835 3169; x_wconf 87' lang='lat' dir='ltr'>incarnatione</span> <span class='ocrx_word' id='word_1_186' title='bbox 859 3102 987 3166; x_wconf 91' lang='lat' dir='ltr'>domini</span> <span class='ocrx_word' id='word_1_187' title='bbox 1014 3120 1245 3168; x_wconf 72' lang='lat' dir='ltr'>‚caccavum</span> 
     </span>
     <span class='ocr_line' id='line_1_29' title="bbox 195 3201 1244 3292; baseline 0.003 -27"><span class='ocrx_word' id='word_1_188' title='bbox 195 3201 380 3268; x_wconf 89' lang='lat' dir='ltr'>indictione</span> <span class='ocrx_word' id='word_1_189' title='bbox 406 3220 487 3269; x_wconf 89' lang='lat' dir='ltr'>.x11.</span> <span class='ocrx_word' id='word_1_190' title='bbox 539 3204 684 3268; x_wconf 88' lang='lat' dir='ltr'>Maneat</span> <span class='ocrx_word' id='word_1_191' title='bbox 707 3204 813 3284; x_wconf 84' lang='lat' dir='ltr'>igitur</span> <span class='ocrx_word' id='word_1_192' title='bbox 836 3201 945 3282; x_wconf 87' lang='lat' dir='ltr'>gratis</span> <span class='ocrx_word' id='word_1_193' title='bbox 966 3202 1121 3292; x_wconf 89' lang='lat' dir='ltr'>terminis</span> <span class='ocrx_word' id='word_1_194' title='bbox 1149 3212 1244 3268; x_wconf 91' lang='lat' dir='ltr'>uete-</span> 
     </span>
     <span class='ocr_line' id='line_1_30' title="bbox 195 3301 1243 3369; baseline 0 -3"><span class='ocrx_word' id='word_1_195' title='bbox 195 3320 271 3366; x_wconf 90' lang='lat' dir='ltr'>rum</span> <span class='ocrx_word' id='word_1_196' title='bbox 288 3302 453 3368; x_wconf 84' lang='lat' dir='ltr'>libro&#39;rum</span> <span class='ocrx_word' id='word_1_197' title='bbox 468 3304 743 3369; x_wconf 88' lang='lat' dir='ltr'>manifestatione</span> <span class='ocrx_word' id='word_1_198' title='bbox 752 3301 871 3365; x_wconf 92' lang='lat' dir='ltr'>harum</span> <span class='ocrx_word' id='word_1_199' title='bbox 889 3305 1012 3368; x_wconf 74' lang='lat' dir='ltr'>.xn¹¹³¹¹¹.</span> <span class='ocrx_word' id='word_1_200' title='bbox 1029 3302 1243 3367; x_wconf 85' lang='lat' dir='ltr'>mansionum</span> 
     </span>
     <span class='ocr_line' id='line_1_31' title="bbox 195 3399 1243 3484; baseline 0.002 -20"><span class='ocrx_word' id='word_1_201' title='bbox 195 3401 371 3484; x_wconf 85' lang='lat' dir='ltr'>quantitas</span> <span class='ocrx_word' id='word_1_202' title='bbox 393 3401 609 3482; x_wconf 90' lang='lat' dir='ltr'>indissoluta,</span> <span class='ocrx_word' id='word_1_203' title='bbox 634 3402 688 3465; x_wconf 93' lang='lat' dir='ltr'>his</span> <span class='ocrx_word' id='word_1_204' title='bbox 716 3402 861 3466; x_wconf 89' lang='lat' dir='ltr'>testibus</span> <span class='ocrx_word' id='word_1_205' title='bbox 882 3399 973 3463; x_wconf 87' lang='lat' dir='ltr'>infra</span> <span class='ocrx_word' id='word_1_206' title='bbox 1001 3402 1131 3465; x_wconf 90' lang='lat' dir='ltr'>notatis</span> <span class='ocrx_word' id='word_1_207' title='bbox 1156 3422 1243 3466; x_wconf 88' lang='lat' dir='ltr'>una·</span> 
     </span>
     <span class='ocr_line' id='line_1_32' title="bbox 193 3500 851 3567; baseline 0.005 -4"><span class='ocrx_word' id='word_1_208' title='bbox 193 3500 276 3563; x_wconf 91' lang='lat' dir='ltr'>nimi</span> <span class='ocrx_word' id='word_1_209' title='bbox 292 3503 584 3567; x_wconf 89' lang='lat' dir='ltr'>consentientibus</span> <span class='ocrx_word' id='word_1_210' title='bbox 603 3502 743 3567; x_wconf 87' lang='lat' dir='ltr'>iudicio.</span> <span class='ocrx_word' id='word_1_211' title='bbox 848 3503 851 3510; x_wconf 83' lang='lat'>&#39;</span> 
     </span>
    </p>

    <p class='ocr_par' dir='ltr' id='par_1_3' title="bbox 191 3597 1327 4194">
     <span class='ocr_line' id='line_1_33' title="bbox 249 3597 1243 3682; baseline -0.001 -19"><span class='ocrx_word' id='word_1_212' title='bbox 249 3601 289 3682; x_wconf 55' lang='grc' dir='ltr'>»Β</span> <span class='ocrx_word' id='word_1_213' title='bbox 309 3600 387 3682; x_wconf 82' lang='lat' dir='ltr'>Ego</span> <span class='ocrx_word' id='word_1_214' title='bbox 410 3601 597 3667; x_wconf 86' lang='lat' dir='ltr'>Eaduuard</span> <span class='ocrx_word' id='word_1_215' title='bbox 622 3621 685 3666; x_wconf 84' lang='lat' dir='ltr'>rex</span> <span class='ocrx_word' id='word_1_216' title='bbox 711 3601 800 3663; x_wconf 91' lang='lat' dir='ltr'>hanc</span> <span class='ocrx_word' id='word_1_217' title='bbox 828 3597 1112 3662; x_wconf 87' lang='lat' dir='ltr'>restaurationem</span> <span class='ocrx_word' id='word_1_218' title='bbox 1138 3617 1160 3662; x_wconf 94' lang='lat' dir='ltr'>a</span> <span class='ocrx_word' id='word_1_219' title='bbox 1188 3619 1243 3663; x_wconf 91' lang='lat' dir='ltr'>me</span> 
     </span>
     <span class='ocr_line' id='line_1_34' title="bbox 193 3697 1241 3782; baseline -0.003 -18"><span class='ocrx_word' id='word_1_220' title='bbox 193 3706 396 3765; x_wconf 82' lang='lat' dir='ltr'>renouatum</span> <span class='ocrx_word' id='word_1_221' title='bbox 412 3701 548 3782; x_wconf 83' lang='lat' dir='ltr'>signum</span> <span class='ocrx_word' id='word_1_222' title='bbox 568 3708 710 3766; x_wconf 90' lang='lat' dir='ltr'>sanctae</span> <span class='ocrx_word' id='word_1_223' title='bbox 729 3700 840 3762; x_wconf 89' lang='lat' dir='ltr'>crucis</span> <span class='ocrx_word' id='word_1_224' title='bbox 858 3697 998 3780; x_wconf 88' lang='lat' dir='ltr'>propria</span> <span class='ocrx_word' id='word_1_225' title='bbox 1012 3716 1119 3760; x_wconf 89' lang='lat' dir='ltr'>manu</span> <span class='ocrx_word' id='word_1_226' title='bbox 1133 3698 1241 3761; x_wconf 91' lang='lat' dir='ltr'>scrib·</span> 
     </span>
     <span class='ocr_line' id='line_1_35' title="bbox 193 3796 1242 3884; baseline -0.001 -21"><span class='ocrx_word' id='word_1_227' title='bbox 193 3799 281 3864; x_wconf 89' lang='lat' dir='ltr'>endo</span> <span class='ocrx_word' id='word_1_228' title='bbox 299 3799 446 3877; x_wconf 86' lang='lat' dir='ltr'>firmani,</span> <span class='ocrx_word' id='word_1_229' title='bbox 474 3799 612 3883; x_wconf 89' lang='lat' dir='ltr'>quando</span> <span class='ocrx_word' id='word_1_230' title='bbox 638 3799 850 3884; x_wconf 90' lang='lat' dir='ltr'>episcopium</span> <span class='ocrx_word' id='word_1_231' title='bbox 866 3797 1073 3860; x_wconf 89' lang='lat' dir='ltr'>Uuentanae</span> <span class='ocrx_word' id='word_1_232' title='bbox 1090 3796 1242 3862; x_wconf 89' lang='lat' dir='ltr'>ciuitatis</span> 
     </span>
     <span class='ocr_line' id='line_1_36' title="bbox 192 3895 1242 3982; baseline -0.001 -20"><span class='ocrx_word' id='word_1_233' title='bbox 192 3898 229 3962; x_wconf 90' lang='lat' dir='ltr'>iu</span> <span class='ocrx_word' id='word_1_234' title='bbox 245 3898 332 3963; x_wconf 88' lang='lat' dir='ltr'>duas</span> <span class='ocrx_word' id='word_1_235' title='bbox 345 3899 527 3982; x_wconf 84' lang='lat' dir='ltr'>parochias</span> <span class='ocrx_word' id='word_1_236' title='bbox 544 3899 657 3965; x_wconf 90' lang='lat' dir='ltr'>diuisi.</span> <span class='ocrx_word' id='word_1_237' title='bbox 709 3900 747 3981; x_wconf 72' lang='lat'>›1‹</span> <span class='ocrx_word' id='word_1_238' title='bbox 771 3898 847 3979; x_wconf 84' lang='lat' dir='ltr'>Ego</span> <span class='ocrx_word' id='word_1_239' title='bbox 865 3895 1058 3978; x_wconf 85' lang='lat' dir='ltr'>Plegmund</span> <span class='ocrx_word' id='word_1_240' title='bbox 1076 3895 1242 3978; x_wconf 90' lang='lat' dir='ltr'>archiepi-</span> 
     </span>
     <span class='ocr_line' id='line_1_37' title="bbox 191 3993 1327 4086; baseline -0.002 -24"><span class='ocrx_word' id='word_1_241' title='bbox 191 4017 317 4082; x_wconf 86' lang='lat' dir='ltr'>scopus</span> <span class='ocrx_word' id='word_1_242' title='bbox 352 3999 551 4063; x_wconf 88' lang='lat' dir='ltr'>mellifluam</span> <span class='ocrx_word' id='word_1_243' title='bbox 588 3999 809 4063; x_wconf 89' lang='lat' dir='ltr'>donationem</span> <span class='ocrx_word' id='word_1_244' title='bbox 846 3995 992 4079; x_wconf 85' lang='lat' dir='ltr'>praefati</span> <span class='ocrx_word' id='word_1_245' title='bbox 1031 3993 1123 4076; x_wconf 85' lang='lat' dir='ltr'>regis</span> <span class='ocrx_word' id='word_1_246' title='bbox 1158 3999 1240 4060; x_wconf 88' lang='lat' dir='ltr'>sub·</span> <span class='ocrx_word' id='word_1_247' title='bbox 1323 4079 1327 4086; x_wconf 21' lang='lat'>⁸</span> 
     </span>
     <span class='ocr_line' id='line_1_38' title="bbox 191 4094 1241 4194; baseline -0.003 -32"><span class='ocrx_word' id='word_1_248' title='bbox 191 4097 313 4194; x_wconf 85' lang='lat' dir='ltr'>scripsi</span> <span class='ocrx_word' id='word_1_249' title='bbox 355 4118 434 4164; x_wconf 91' lang='lat' dir='ltr'>cum</span> <span class='ocrx_word' id='word_1_250' title='bbox 476 4100 656 4182; x_wconf 84' lang='lat' dir='ltr'>signaculo</span> <span class='ocrx_word' id='word_1_251' title='bbox 695 4104 837 4163; x_wconf 87' lang='lat' dir='ltr'>sanctae</span> <span class='ocrx_word' id='word_1_252' title='bbox 875 4095 998 4159; x_wconf 90' lang='lat' dir='ltr'>crucis.</span> <span class='ocrx_word' id='word_1_253' title='bbox 1079 4095 1119 4176; x_wconf 55' lang='grc' dir='ltr'>»Β</span> <span class='ocrx_word' id='word_1_254' title='bbox 1164 4094 1241 4178; x_wconf 85' lang='lat' dir='ltr'>Ego</span> 
     </span>
    </p>
   </div>
   <div class='ocr_carea' id='block_1_3' title="bbox 0 0 1448 4890">
    <p class='ocr_par' dir='ltr' id='par_1_4' title="bbox 0 0 1448 4890">
     <span class='ocr_line' id='line_1_39' title="bbox 0 0 1448 4890; baseline 0 5"><span class='ocrx_word' id='word_1_255' title='bbox 0 0 1448 4890; x_wconf 95' lang='lat' dir='ltr'> </span> 
     </span>
    </p>
   </div>
  </div>
 </body>
</html>
