<?xml version="1.0" encoding="UTF-8"?>
<!DOCTYPE html PUBLIC "-//W3C//DTD XHTML 1.0 Transitional//EN"
    "http://www.w3.org/TR/xhtml1/DTD/xhtml1-transitional.dtd">
<html xmlns="http://www.w3.org/1999/xhtml" xml:lang="en" lang="en">
 <head>
  <title>
</title>
<meta http-equiv="Content-Type" content="text/html;charset=utf-8" />
  <meta name='ocr-system' content='tesseract 3.04.00' />
  <meta name='ocr-capabilities' content='ocr_page ocr_carea ocr_par ocr_line ocrx_word'/>
</head>
<body>
  <div class='ocr_page' id='page_1' title='image "./codexdiplomatic02kembgoog_0064.png"; bbox 0 0 2888 4890; ppageno 0'>
   <div class='ocr_carea' id='block_1_1' title="bbox 464 341 1261 408">
    <p class='ocr_par' dir='ltr' id='par_1_1' title="bbox 464 341 1261 408">
     <span class='ocr_line' id='line_1_1' title="bbox 464 341 1261 408; baseline -0.005 0"><span class='ocrx_word' id='word_1_1' title='bbox 464 361 636 408; x_wconf 77' lang='lat' dir='ltr'>cunnrnn</span> <span class='ocrx_word' id='word_1_2' title='bbox 659 350 1006 408; x_wconf 69' lang='lat' dir='ltr'>Anonos&#39;nxomeun.</span> <span class='ocrx_word' id='word_1_3' title='bbox 1217 341 1261 404; x_wconf 79' lang='grc'>39</span> 
     </span>
    </p>
   </div>
   <div class='ocr_carea' id='block_1_2' title="bbox 199 508 1257 900">
    <p class='ocr_par' dir='ltr' id='par_1_2' title="bbox 199 508 1257 900">
     <span class='ocr_line' id='line_1_2' title="bbox 256 508 1257 597; baseline 0.002 -20"><span class='ocrx_word' id='word_1_4' title='bbox 256 516 295 596; x_wconf 72' lang='lat'>›1‹</span> <span class='ocrx_word' id='word_1_5' title='bbox 317 513 393 597; x_wconf 81' lang='lat' dir='ltr'>Ego</span> <span class='ocrx_word' id='word_1_6' title='bbox 410 513 612 580; x_wconf 87' lang='lat' dir='ltr'>Wihtredus</span> <span class='ocrx_word' id='word_1_7' title='bbox 637 516 768 580; x_wconf 83' lang='lat' dir='ltr'>auxilio</span> <span class='ocrx_word' id='word_1_8' title='bbox 783 515 913 580; x_wconf 83' lang='lat' dir='ltr'>Christi</span> <span class='ocrx_word' id='word_1_9' title='bbox 944 536 1005 580; x_wconf 87' lang='lat' dir='ltr'>rex</span> <span class='ocrx_word' id='word_1_10' title='bbox 1034 508 1099 579; x_wconf 89' lang='lat' dir='ltr'>hiis</span> <span class='ocrx_word' id='word_1_11' title='bbox 1123 514 1257 597; x_wconf 84' lang='lat' dir='ltr'>legibus</span> 
     </span>
     <span class='ocr_line' id='line_1_3' title="bbox 201 614 1256 699; baseline 0.002 -23"><span class='ocrx_word' id='word_1_12' title='bbox 201 614 398 678; x_wconf 89' lang='lat' dir='ltr'>constitutis</span> <span class='ocrx_word' id='word_1_13' title='bbox 424 634 487 697; x_wconf 93' lang='lat' dir='ltr'>pro</span> <span class='ocrx_word' id='word_1_14' title='bbox 512 634 567 678; x_wconf 90' lang='lat' dir='ltr'>me</span> <span class='ocrx_word' id='word_1_15' title='bbox 583 624 618 679; x_wconf 88' lang='lat' dir='ltr'>et</span> <span class='ocrx_word' id='word_1_16' title='bbox 632 614 829 699; x_wconf 80' lang='lat' dir='ltr'>Wcrburga</span> <span class='ocrx_word' id='word_1_17' title='bbox 855 617 973 698; x_wconf 83' lang='lat' dir='ltr'>regina</span> <span class='ocrx_word' id='word_1_18' title='bbox 1000 617 1152 698; x_wconf 83' lang='lat' dir='ltr'>itemque</span> <span class='ocrx_word' id='word_1_19' title='bbox 1185 616 1256 679; x_wconf 89' lang='lat' dir='ltr'>filio</span> 
     </span>
     <span class='ocr_line' id='line_1_4' title="bbox 202 714 1256 798; baseline 0.004 -22"><span class='ocrx_word' id='word_1_20' title='bbox 202 714 459 779; x_wconf 88' lang='lat' dir='ltr'>nostroAElrico</span> <span class='ocrx_word' id='word_1_21' title='bbox 475 716 675 798; x_wconf 86' lang='lat' dir='ltr'>subscripsi.</span> <span class='ocrx_word' id='word_1_22' title='bbox 732 719 770 798; x_wconf 75' lang='lat'>›1‹</span> <span class='ocrx_word' id='word_1_23' title='bbox 786 716 863 798; x_wconf 83' lang='lat' dir='ltr'>Ego</span> <span class='ocrx_word' id='word_1_24' title='bbox 877 717 1125 781; x_wconf 89' lang='lat' dir='ltr'>Bribtuualdus</span> <span class='ocrx_word' id='word_1_25' title='bbox 1142 715 1256 798; x_wconf 84' lang='lat' dir='ltr'>gratia</span> 
     </span>
     <span class='ocr_line' id='line_1_5' title="bbox 199 813 1205 900; baseline 0.002 -23"><span class='ocrx_word' id='word_1_26' title='bbox 199 813 254 878; x_wconf 88' lang='lat' dir='ltr'>dei</span> <span class='ocrx_word' id='word_1_27' title='bbox 268 814 546 898; x_wconf 83' lang='lat' dir='ltr'>archiepiscopus</span> <span class='ocrx_word' id='word_1_28' title='bbox 560 814 628 879; x_wconf 90' lang='lat' dir='ltr'>hiis</span> <span class='ocrx_word' id='word_1_29' title='bbox 643 816 777 897; x_wconf 81' lang='lat' dir='ltr'>legibus</span> <span class='ocrx_word' id='word_1_30' title='bbox 794 817 992 881; x_wconf 89' lang='lat' dir='ltr'>constitutis</span> <span class='ocrx_word' id='word_1_31' title='bbox 1007 816 1205 900; x_wconf 87' lang='lat' dir='ltr'>subscripsi.</span> 
     </span>
    </p>
   </div>
   <div class='ocr_carea' id='block_1_3' title="bbox 667 1000 787 1011">
    <p class='ocr_par' dir='ltr' id='par_1_3' title="bbox 667 1000 787 1011">
     <span class='ocr_line' id='line_1_6' title="bbox 667 1000 787 1011; baseline -0.008 0"><span class='ocrx_word' id='word_1_32' title='bbox 667 1000 787 1011; x_wconf 73' lang='lat'>..—</span> 
     </span>
    </p>
   </div>
   <div class='ocr_carea' id='block_1_4' title="bbox 450 1113 1003 1342">
    <p class='ocr_par' dir='ltr' id='par_1_4' title="bbox 450 1113 1003 1342">
     <span class='ocr_line' id='line_1_7' title="bbox 565 1113 891 1184; baseline 0.006 -5"><span class='ocrx_word' id='word_1_33' title='bbox 565 1113 891 1184; x_wconf 85' lang='lat' dir='ltr'>Dccccxcvll.</span> 
     </span>
     <span class='ocr_line' id='line_1_8' title="bbox 450 1263 1003 1342; baseline 0 -14"><span class='ocrx_word' id='word_1_34' title='bbox 450 1264 471 1307; x_wconf 80' lang='lat'><em>*</em></span> <span class='ocrx_word' id='word_1_35' title='bbox 491 1263 571 1328; x_wconf 94' lang='lat' dir='ltr'>INI</span> <span class='ocrx_word' id='word_1_36' title='bbox 595 1263 660 1328; x_wconf 90' lang='lat' dir='ltr'>OF</span> <span class='ocrx_word' id='word_1_37' title='bbox 683 1263 904 1342; x_wconf 88' lang='lat' dir='ltr'>WESSEX,</span> <span class='ocrx_word' id='word_1_38' title='bbox 927 1265 1003 1328; x_wconf 88' lang='grc'><strong>701.</strong></span> 
     </span>
    </p>
   </div>
   <div class='ocr_carea' id='block_1_5' title="bbox 193 1411 1309 3899">
    <p class='ocr_par' dir='ltr' id='par_1_5' title="bbox 193 1411 1309 3899">
     <span class='ocr_line' id='line_1_9' title="bbox 264 1411 1253 1496; baseline 0.004 -22"><span class='ocrx_word' id='word_1_39' title='bbox 264 1414 303 1494; x_wconf 72' lang='lat'>›1‹</span> <span class='ocrx_word' id='word_1_40' title='bbox 342 1411 494 1476; x_wconf 75' lang='lat' dir='ltr'>Donum</span> <span class='ocrx_word' id='word_1_41' title='bbox 530 1420 649 1477; x_wconf 92' lang='lat' dir='ltr'>nostro</span> <span class='ocrx_word' id='word_1_42' title='bbox 688 1412 794 1477; x_wconf 91' lang='lat' dir='ltr'>Ibesu</span> <span class='ocrx_word' id='word_1_43' title='bbox 825 1412 964 1478; x_wconf 85' lang='lat' dir='ltr'>Christo</span> <span class='ocrx_word' id='word_1_44' title='bbox 1001 1413 1253 1496; x_wconf 89' lang='lat' dir='ltr'>imperpetuum</span> 
     </span>
     <span class='ocr_line' id='line_1_10' title="bbox 198 1512 1252 1593; baseline 0.005 -19"><span class='ocrx_word' id='word_1_45' title='bbox 198 1519 365 1593; x_wconf 80' lang='lat' dir='ltr'>regnante</span> <span class='ocrx_word' id='word_1_46' title='bbox 388 1512 445 1576; x_wconf 92' lang='lat' dir='ltr'>cui</span> <span class='ocrx_word' id='word_1_47' title='bbox 462 1522 588 1577; x_wconf 90' lang='lat' dir='ltr'>cuncta</span> <span class='ocrx_word' id='word_1_48' title='bbox 604 1514 678 1576; x_wconf 88' lang='lat' dir='ltr'>iure</span> <span class='ocrx_word' id='word_1_49' title='bbox 696 1512 907 1578; x_wconf 83' lang='lat' dir='ltr'>famulantur</span> <span class='ocrx_word' id='word_1_50' title='bbox 923 1514 1092 1578; x_wconf 90' lang='lat' dir='ltr'>elementa</span> <span class='ocrx_word' id='word_1_51' title='bbox 1115 1515 1252 1579; x_wconf 91' lang='lat' dir='ltr'>mundi!</span> 
     </span>
     <span class='ocr_line' id='line_1_11' title="bbox 200 1611 1253 1698; baseline 0.003 -23"><span class='ocrx_word' id='word_1_52' title='bbox 200 1611 368 1677; x_wconf 91' lang='lat' dir='ltr'>Omnibus</span> <span class='ocrx_word' id='word_1_53' title='bbox 396 1621 436 1678; x_wconf 92' lang='lat' dir='ltr'>ut</span> <span class='ocrx_word' id='word_1_54' title='bbox 460 1633 536 1678; x_wconf 89' lang='lat' dir='ltr'>reor</span> <span class='ocrx_word' id='word_1_55' title='bbox 556 1614 632 1676; x_wconf 88' lang='lat' dir='ltr'>lnce</span> <span class='ocrx_word' id='word_1_56' title='bbox 658 1613 785 1677; x_wconf 89' lang='lat' dir='ltr'>elarius</span> <span class='ocrx_word' id='word_1_57' title='bbox 813 1615 1014 1678; x_wconf 81' lang='lat' dir='ltr'>mortalibus</span> <span class='ocrx_word' id='word_1_58' title='bbox 1038 1620 1136 1697; x_wconf 89' lang='lat' dir='ltr'>patet</span> <span class='ocrx_word' id='word_1_59' title='bbox 1160 1616 1253 1698; x_wconf 92' lang='lat' dir='ltr'>qnod</span> 
     </span>
     <span class='ocr_line' id='line_1_12' title="bbox 197 1711 1254 1798; baseline 0.004 -23"><span class='ocrx_word' id='word_1_60' title='bbox 197 1711 303 1794; x_wconf 83' lang='lat' dir='ltr'>digna</span> <span class='ocrx_word' id='word_1_61' title='bbox 325 1712 437 1794; x_wconf 84' lang='lat' dir='ltr'>gloria</span> <span class='ocrx_word' id='word_1_62' title='bbox 456 1714 736 1796; x_wconf 87' lang='lat' dir='ltr'>paruipendenda</span> <span class='ocrx_word' id='word_1_63' title='bbox 753 1722 807 1779; x_wconf 92' lang='lat' dir='ltr'>est</span> <span class='ocrx_word' id='word_1_64' title='bbox 822 1714 951 1791; x_wconf 91' lang='lat' dir='ltr'>mundi,</span> <span class='ocrx_word' id='word_1_65' title='bbox 966 1715 1049 1798; x_wconf 91' lang='lat' dir='ltr'>quia</span> <span class='ocrx_word' id='word_1_66' title='bbox 1064 1714 1190 1778; x_wconf 88' lang='lat' dir='ltr'>decidit</span> <span class='ocrx_word' id='word_1_67' title='bbox 1216 1723 1254 1779; x_wconf 92' lang='lat' dir='ltr'>ut</span> 
     </span>
     <span class='ocr_line' id='line_1_13' title="bbox 198 1811 1265 1897; baseline 0.004 -23"><span class='ocrx_word' id='word_1_68' title='bbox 198 1811 263 1877; x_wconf 83' lang='lat' dir='ltr'>flos</span> <span class='ocrx_word' id='word_1_69' title='bbox 280 1812 383 1877; x_wconf 89' lang='lat' dir='ltr'>foeni.</span> <span class='ocrx_word' id='word_1_70' title='bbox 436 1813 657 1897; x_wconf 83' lang='lat' dir='ltr'>Quapropter</span> <span class='ocrx_word' id='word_1_71' title='bbox 674 1834 739 1897; x_wconf 85' lang='lat' dir='ltr'>ego</span> <span class='ocrx_word' id='word_1_72' title='bbox 757 1815 820 1879; x_wconf 91' lang='lat' dir='ltr'>Ine</span> <span class='ocrx_word' id='word_1_73' title='bbox 843 1815 1003 1897; x_wconf 83' lang='lat' dir='ltr'>largiflua</span> <span class='ocrx_word' id='word_1_74' title='bbox 1029 1815 1153 1878; x_wconf 93' lang='lat' dir='ltr'>summi</span> <span class='ocrx_word' id='word_1_75' title='bbox 1176 1823 1265 1897; x_wconf 54' lang='lat' dir='ltr'>ton·¹</span> 
     </span>
     <span class='ocr_line' id='line_1_14' title="bbox 198 1913 1253 1998; baseline 0.002 -22"><span class='ocrx_word' id='word_1_76' title='bbox 198 1913 289 1977; x_wconf 86' lang='lat' dir='ltr'>antis</span> <span class='ocrx_word' id='word_1_77' title='bbox 307 1921 477 1979; x_wconf 87' lang='lat' dir='ltr'>annuente</span> <span class='ocrx_word' id='word_1_78' title='bbox 496 1915 678 1980; x_wconf 87' lang='lat' dir='ltr'>clementia</span> <span class='ocrx_word' id='word_1_79' title='bbox 696 1916 805 1997; x_wconf 84' lang='lat' dir='ltr'>regali</span> <span class='ocrx_word' id='word_1_80' title='bbox 824 1914 932 1981; x_wconf 89' lang='lat' dir='ltr'>frctus</span> <span class='ocrx_word' id='word_1_81' title='bbox 947 1915 1128 1996; x_wconf 83' lang='lat' dir='ltr'>dignitate,</span> <span class='ocrx_word' id='word_1_82' title='bbox 1142 1934 1253 1998; x_wconf 85' lang='lat' dir='ltr'>quan-</span> 
     </span>
     <span class='ocr_line' id='line_1_15' title="bbox 198 2013 1253 2099; baseline 0.004 -23"><span class='ocrx_word' id='word_1_83' title='bbox 198 2013 277 2077; x_wconf 89' lang='lat' dir='ltr'>dam</span> <span class='ocrx_word' id='word_1_84' title='bbox 300 2015 389 2078; x_wconf 89' lang='lat' dir='ltr'>ruris</span> <span class='ocrx_word' id='word_1_85' title='bbox 407 2021 540 2097; x_wconf 89' lang='lat' dir='ltr'>partem</span> <span class='ocrx_word' id='word_1_86' title='bbox 561 2032 634 2080; x_wconf 70' lang='lat' dir='ltr'>stu.</span> <span class='ocrx_word' id='word_1_87' title='bbox 653 2015 784 2080; x_wconf 88' lang='lat' dir='ltr'>scilieet</span> <span class='ocrx_word' id='word_1_88' title='bbox 805 2034 955 2091; x_wconf 78' lang='lat' dir='ltr'>mansaS,</span> <span class='ocrx_word' id='word_1_89' title='bbox 980 2015 1016 2079; x_wconf 91' lang='lat' dir='ltr'>in</span> <span class='ocrx_word' id='word_1_90' title='bbox 1039 2015 1115 2079; x_wconf 92' lang='lat' dir='ltr'>loeo</span> <span class='ocrx_word' id='word_1_91' title='bbox 1131 2016 1191 2099; x_wconf 93' lang='lat' dir='ltr'>qui</span> <span class='ocrx_word' id='word_1_92' title='bbox 1208 2017 1253 2080; x_wconf 92' lang='lat' dir='ltr'>ab</span> 
     </span>
     <span class='ocr_line' id='line_1_16' title="bbox 198 2113 1253 2197; baseline 0.002 -20"><span class='ocrx_word' id='word_1_93' title='bbox 198 2113 320 2178; x_wconf 89' lang='lat' dir='ltr'>ineolis</span> <span class='ocrx_word' id='word_1_94' title='bbox 334 2113 436 2178; x_wconf 88' lang='lat' dir='ltr'>huius</span> <span class='ocrx_word' id='word_1_95' title='bbox 451 2116 585 2197; x_wconf 88' lang='lat' dir='ltr'>patriae</span> <span class='ocrx_word' id='word_1_96' title='bbox 605 2114 783 2180; x_wconf 89' lang='lat' dir='ltr'>Alrcsford</span> <span class='ocrx_word' id='word_1_97' title='bbox 802 2122 1032 2197; x_wconf 89' lang='lat' dir='ltr'>nuncupatur,</span> <span class='ocrx_word' id='word_1_98' title='bbox 1049 2135 1126 2179; x_wconf 90' lang='lat' dir='ltr'>cum</span> <span class='ocrx_word' id='word_1_99' title='bbox 1144 2117 1253 2179; x_wconf 91' lang='lat' dir='ltr'>omni-</span> 
     </span>
     <span class='ocr_line' id='line_1_17' title="bbox 198 2213 1252 2299; baseline 0 -21"><span class='ocrx_word' id='word_1_100' title='bbox 198 2215 262 2279; x_wconf 89' lang='lat' dir='ltr'>bus</span> <span class='ocrx_word' id='word_1_101' title='bbox 288 2213 332 2278; x_wconf 93' lang='lat' dir='ltr'>ad</span> <span class='ocrx_word' id='word_1_102' title='bbox 364 2234 402 2278; x_wconf 90' lang='lat' dir='ltr'>se</span> <span class='ocrx_word' id='word_1_103' title='bbox 432 2216 497 2280; x_wconf 87' lang='lat' dir='ltr'>rite</span> <span class='ocrx_word' id='word_1_104' title='bbox 527 2217 788 2299; x_wconf 88' lang='lat' dir='ltr'>pertinentibus,</span> <span class='ocrx_word' id='word_1_105' title='bbox 817 2217 940 2298; x_wconf 89' lang='lat' dir='ltr'>pratis,</span> <span class='ocrx_word' id='word_1_106' title='bbox 966 2215 1076 2292; x_wconf 92' lang='lat' dir='ltr'>siluis,</span> <span class='ocrx_word' id='word_1_107' title='bbox 1102 2217 1252 2297; x_wconf 85' lang='lat' dir='ltr'>pascuis,</span> 
     </span>
     <span class='ocr_line' id='line_1_18' title="bbox 198 2315 1252 2399; baseline 0.004 -21"><span class='ocrx_word' id='word_1_108' title='bbox 198 2316 287 2380; x_wconf 90' lang='lat' dir='ltr'>sicut</span> <span class='ocrx_word' id='word_1_109' title='bbox 307 2316 552 2396; x_wconf 89' lang='lat' dir='ltr'>praedecessor</span> <span class='ocrx_word' id='word_1_110' title='bbox 569 2336 665 2380; x_wconf 89' lang='lat' dir='ltr'>meus</span> <span class='ocrx_word' id='word_1_111' title='bbox 683 2315 884 2399; x_wconf 83' lang='lat' dir='ltr'>Cynewalh,</span> <span class='ocrx_word' id='word_1_112' title='bbox 905 2316 1022 2380; x_wconf 92' lang='lat' dir='ltr'>diuino</span> <span class='ocrx_word' id='word_1_113' title='bbox 1044 2315 1176 2379; x_wconf 91' lang='lat' dir='ltr'>scilicet</span> <span class='ocrx_word' id='word_1_114' title='bbox 1194 2317 1252 2383; x_wconf 91' lang='lat' dir='ltr'>ad·</span> 
     </span>
     <span class='ocr_line' id='line_1_19' title="bbox 200 2415 1309 2498; baseline 0.001 -19"><span class='ocrx_word' id='word_1_115' title='bbox 200 2421 314 2479; x_wconf 89' lang='lat' dir='ltr'>tactus</span> <span class='ocrx_word' id='word_1_116' title='bbox 335 2415 514 2494; x_wconf 91' lang='lat' dir='ltr'>instinctu,</span> <span class='ocrx_word' id='word_1_117' title='bbox 537 2416 737 2480; x_wconf 90' lang='lat' dir='ltr'>iamdudum</span> <span class='ocrx_word' id='word_1_118' title='bbox 760 2417 929 2481; x_wconf 89' lang='lat' dir='ltr'>concessit</span> <span class='ocrx_word' id='word_1_119' title='bbox 954 2415 1141 2480; x_wconf 87' lang='lat' dir='ltr'>aecclesiae</span> <span class='ocrx_word' id='word_1_120' title='bbox 1163 2435 1252 2498; x_wconf 88' lang='lat' dir='ltr'>quae</span> <span class='ocrx_word' id='word_1_121' title='bbox 1306 2451 1309 2456; x_wconf 93' lang='lat'><em>·</em></span> 
     </span>
     <span class='ocr_line' id='line_1_20' title="bbox 197 2514 1253 2599; baseline 0.002 -20"><span class='ocrx_word' id='word_1_122' title='bbox 197 2514 397 2580; x_wconf 88' lang='lat' dir='ltr'>Wintoniae</span> <span class='ocrx_word' id='word_1_123' title='bbox 414 2516 450 2580; x_wconf 93' lang='lat' dir='ltr'>in</span> <span class='ocrx_word' id='word_1_124' title='bbox 467 2517 579 2580; x_wconf 86' lang='lat' dir='ltr'>almae</span> <span class='ocrx_word' id='word_1_125' title='bbox 598 2516 762 2580; x_wconf 87' lang='lat' dir='ltr'>trinitatis</span> <span class='ocrx_word' id='word_1_126' title='bbox 776 2536 948 2599; x_wconf 88' lang='lat' dir='ltr'>ueraeque</span> <span class='ocrx_word' id='word_1_127' title='bbox 964 2516 1105 2579; x_wconf 84' lang='lat' dir='ltr'>unitatis</span> <span class='ocrx_word' id='word_1_128' title='bbox 1124 2514 1253 2581; x_wconf 85' lang='lat' dir='ltr'>honore</span> 
     </span>
     <span class='ocr_line' id='line_1_21' title="bbox 197 2616 1253 2700; baseline 0.003 -22"><span class='ocrx_word' id='word_1_129' title='bbox 197 2635 328 2680; x_wconf 84' lang='lat' dir='ltr'>necnon</span> <span class='ocrx_word' id='word_1_130' title='bbox 348 2624 383 2679; x_wconf 94' lang='lat' dir='ltr'>et</span> <span class='ocrx_word' id='word_1_131' title='bbox 397 2617 633 2699; x_wconf 86' lang='lat' dir='ltr'>apostolorum</span> <span class='ocrx_word' id='word_1_132' title='bbox 651 2616 749 2679; x_wconf 91' lang='lat' dir='ltr'>Petri</span> <span class='ocrx_word' id='word_1_133' title='bbox 766 2616 938 2700; x_wconf 87' lang='lat' dir='ltr'>Paulique</span> <span class='ocrx_word' id='word_1_134' title='bbox 955 2623 1154 2680; x_wconf 87' lang='lat' dir='ltr'>consecrata</span> <span class='ocrx_word' id='word_1_135' title='bbox 1171 2636 1253 2681; x_wconf 91' lang='lat' dir='ltr'>con-</span> 
     </span>
     <span class='ocr_line' id='line_1_22' title="bbox 196 2716 1251 2800; baseline 0.003 -22"><span class='ocrx_word' id='word_1_136' title='bbox 196 2716 301 2792; x_wconf 90' lang='lat' dir='ltr'>sistit,</span> <span class='ocrx_word' id='word_1_137' title='bbox 327 2736 390 2799; x_wconf 89' lang='lat' dir='ltr'>pro</span> <span class='ocrx_word' id='word_1_138' title='bbox 413 2737 567 2782; x_wconf 89' lang='lat' dir='ltr'>meorum</span> <span class='ocrx_word' id='word_1_139' title='bbox 589 2717 789 2800; x_wconf 88' lang='lat' dir='ltr'>expiatione</span> <span class='ocrx_word' id='word_1_140' title='bbox 815 2717 1017 2795; x_wconf 89' lang='lat' dir='ltr'>facinorum,</span> <span class='ocrx_word' id='word_1_141' title='bbox 1039 2717 1149 2781; x_wconf 90' lang='lat' dir='ltr'>libens</span> <span class='ocrx_word' id='word_1_142' title='bbox 1173 2737 1251 2799; x_wconf 86' lang='lat' dir='ltr'>per·</span> 
     </span>
     <span class='ocr_line' id='line_1_23' title="bbox 196 2815 1251 2898; baseline 0.001 -18"><span class='ocrx_word' id='word_1_143' title='bbox 196 2815 382 2898; x_wconf 90' lang='lat' dir='ltr'>petualiter</span> <span class='ocrx_word' id='word_1_144' title='bbox 404 2819 559 2883; x_wconf 83' lang='lat' dir='ltr'>restituo.</span> <span class='ocrx_word' id='word_1_145' title='bbox 612 2818 716 2881; x_wconf 83' lang='lat' dir='ltr'>Hanc</span> <span class='ocrx_word' id='word_1_146' title='bbox 746 2817 966 2886; x_wconf 88' lang='lat' dir='ltr'>donationem</span> <span class='ocrx_word' id='word_1_147' title='bbox 993 2838 1069 2881; x_wconf 91' lang='lat' dir='ltr'>enm</span> <span class='ocrx_word' id='word_1_148' title='bbox 1098 2819 1251 2881; x_wconf 91' lang='lat' dir='ltr'>omnium</span> 
     </span>
     <span class='ocr_line' id='line_1_24' title="bbox 197 2917 1251 3000; baseline 0 -20"><span class='ocrx_word' id='word_1_149' title='bbox 197 2917 262 2980; x_wconf 90' lang='lat' dir='ltr'>mei</span> <span class='ocrx_word' id='word_1_150' title='bbox 285 2917 449 3000; x_wconf 88' lang='lat' dir='ltr'>temporis</span> <span class='ocrx_word' id='word_1_151' title='bbox 468 2937 636 2983; x_wconf 88' lang='lat' dir='ltr'>consensu</span> <span class='ocrx_word' id='word_1_152' title='bbox 662 2938 842 3000; x_wconf 90' lang='lat' dir='ltr'>procerum</span> <span class='ocrx_word' id='word_1_153' title='bbox 869 2918 931 2981; x_wconf 91' lang='lat' dir='ltr'>tali</span> <span class='ocrx_word' id='word_1_154' title='bbox 948 2918 1067 2981; x_wconf 89' lang='lat' dir='ltr'>curaui</span> <span class='ocrx_word' id='word_1_155' title='bbox 1092 2919 1251 2982; x_wconf 89' lang='lat' dir='ltr'>renouari</span> 
     </span>
     <span class='ocr_line' id='line_1_25' title="bbox 196 3017 1250 3101; baseline 0.002 -22"><span class='ocrx_word' id='word_1_156' title='bbox 196 3017 395 3094; x_wconf 90' lang='lat' dir='ltr'>assertione,</span> <span class='ocrx_word' id='word_1_157' title='bbox 414 3025 453 3081; x_wconf 91' lang='lat' dir='ltr'>ut</span> <span class='ocrx_word' id='word_1_158' title='bbox 469 3018 564 3082; x_wconf 90' lang='lat' dir='ltr'>nulla</span> <span class='ocrx_word' id='word_1_159' title='bbox 580 3038 733 3083; x_wconf 90' lang='lat' dir='ltr'>meorum</span> <span class='ocrx_word' id='word_1_160' title='bbox 757 3037 905 3101; x_wconf 89' lang='lat' dir='ltr'>persona</span> <span class='ocrx_word' id='word_1_161' title='bbox 921 3037 1157 3082; x_wconf 89' lang='lat' dir='ltr'>suceessorum</span> <span class='ocrx_word' id='word_1_162' title='bbox 1176 3017 1250 3081; x_wconf 90' lang='lat' dir='ltr'>dia-</span> 
     </span>
     <span class='ocr_line' id='line_1_26' title="bbox 193 3117 1249 3200; baseline 0.002 -19"><span class='ocrx_word' id='word_1_163' title='bbox 193 3117 326 3182; x_wconf 87' lang='lat' dir='ltr'>bolicae</span> <span class='ocrx_word' id='word_1_164' title='bbox 352 3124 431 3181; x_wconf 90' lang='lat' dir='ltr'>astu</span> <span class='ocrx_word' id='word_1_165' title='bbox 463 3118 662 3183; x_wconf 91' lang='lat' dir='ltr'>calliditatis</span> <span class='ocrx_word' id='word_1_166' title='bbox 682 3120 905 3183; x_wconf 90' lang='lat' dir='ltr'>insollescens</span> <span class='ocrx_word' id='word_1_167' title='bbox 933 3137 1009 3181; x_wconf 88' lang='lat' dir='ltr'>earn</span> <span class='ocrx_word' id='word_1_168' title='bbox 1037 3138 1189 3200; x_wconf 86' lang='lat' dir='ltr'>unquam</span> <span class='ocrx_word' id='word_1_169' title='bbox 1213 3119 1249 3183; x_wconf 93' lang='lat' dir='ltr'>in</span> 
     </span>
     <span class='ocr_line' id='line_1_27' title="bbox 194 3217 1248 3301; baseline 0 -19"><span class='ocrx_word' id='word_1_170' title='bbox 194 3217 286 3282; x_wconf 85' lang='lat' dir='ltr'>aliud</span> <span class='ocrx_word' id='word_1_171' title='bbox 315 3217 502 3283; x_wconf 88' lang='lat' dir='ltr'>transferre</span> <span class='ocrx_word' id='word_1_172' title='bbox 533 3227 743 3301; x_wconf 89' lang='lat' dir='ltr'>praesumat.</span> <span class='ocrx_word' id='word_1_173' title='bbox 807 3218 861 3282; x_wconf 89' lang='lat' dir='ltr'>Sit</span> <span class='ocrx_word' id='word_1_174' title='bbox 890 3224 1006 3281; x_wconf 89' lang='lat' dir='ltr'>autem</span> <span class='ocrx_word' id='word_1_175' title='bbox 1035 3218 1248 3301; x_wconf 88' lang='lat' dir='ltr'>praedictum</span> 
     </span>
     <span class='ocr_line' id='line_1_28' title="bbox 193 3318 1249 3400; baseline 0 -19"><span class='ocrx_word' id='word_1_176' title='bbox 193 3338 252 3382; x_wconf 94' lang='lat' dir='ltr'>rus</span> <span class='ocrx_word' id='word_1_177' title='bbox 269 3318 364 3382; x_wconf 90' lang='lat' dir='ltr'>omni</span> <span class='ocrx_word' id='word_1_178' title='bbox 379 3326 534 3383; x_wconf 89' lang='lat' dir='ltr'>terrenae</span> <span class='ocrx_word' id='word_1_179' title='bbox 562 3320 740 3384; x_wconf 90' lang='lat' dir='ltr'>seruitutis</span> <span class='ocrx_word' id='word_1_180' title='bbox 764 3319 848 3400; x_wconf 84' lang='lat' dir='ltr'>iugo</span> <span class='ocrx_word' id='word_1_181' title='bbox 872 3318 1035 3394; x_wconf 92' lang='lat' dir='ltr'>solutum,</span> <span class='ocrx_word' id='word_1_182' title='bbox 1052 3319 1163 3381; x_wconf 91' lang='lat' dir='ltr'>tribus</span> <span class='ocrx_word' id='word_1_183' title='bbox 1185 3339 1249 3382; x_wconf 85' lang='lat' dir='ltr'>ex-</span> 
     </span>
     <span class='ocr_line' id='line_1_29' title="bbox 193 3418 1249 3503; baseline -0.002 -19"><span class='ocrx_word' id='word_1_184' title='bbox 193 3419 314 3502; x_wconf 77' lang='lat' dir='ltr'>captia,</span> <span class='ocrx_word' id='word_1_185' title='bbox 339 3419 569 3501; x_wconf 87' lang='lat' dir='ltr'>expeditione,</span> <span class='ocrx_word' id='word_1_186' title='bbox 587 3420 702 3503; x_wconf 88' lang='lat' dir='ltr'>pontis</span> <span class='ocrx_word' id='word_1_187' title='bbox 731 3420 864 3483; x_wconf 89' lang='lat' dir='ltr'>arcisue</span> <span class='ocrx_word' id='word_1_188' title='bbox 894 3419 1156 3483; x_wconf 85' lang='lat' dir='ltr'>restauratione.</span> <span class='ocrx_word' id='word_1_189' title='bbox 1211 3418 1249 3482; x_wconf 92' lang='lat' dir='ltr'>Si</span> 
     </span>
     <span class='ocr_line' id='line_1_30' title="bbox 194 3518 1250 3603; baseline -0.001 -20"><span class='ocrx_word' id='word_1_190' title='bbox 194 3520 271 3603; x_wconf 91' lang='lat' dir='ltr'>quis</span> <span class='ocrx_word' id='word_1_191' title='bbox 292 3519 400 3602; x_wconf 85' lang='lat' dir='ltr'>igitur</span> <span class='ocrx_word' id='word_1_192' title='bbox 418 3518 505 3583; x_wconf 91' lang='lat' dir='ltr'>hanc</span> <span class='ocrx_word' id='word_1_193' title='bbox 522 3526 675 3584; x_wconf 90' lang='lat' dir='ltr'>nostram</span> <span class='ocrx_word' id='word_1_194' title='bbox 701 3519 919 3584; x_wconf 88' lang='lat' dir='ltr'>donationem</span> <span class='ocrx_word' id='word_1_195' title='bbox 939 3538 1067 3600; x_wconf 87' lang='lat' dir='ltr'>augere</span> <span class='ocrx_word' id='word_1_196' title='bbox 1090 3519 1250 3597; x_wconf 89' lang='lat' dir='ltr'>uoluerit,</span> 
     </span>
     <span class='ocr_line' id='line_1_31' title="bbox 193 3618 1249 3702; baseline -0.001 -19"><span class='ocrx_word' id='word_1_197' title='bbox 193 3621 226 3683; x_wconf 89' lang='lat' dir='ltr'>ei</span> <span class='ocrx_word' id='word_1_198' title='bbox 251 3620 353 3702; x_wconf 87' lang='lat' dir='ltr'>plura</span> <span class='ocrx_word' id='word_1_199' title='bbox 380 3620 417 3683; x_wconf 94' lang='lat' dir='ltr'>in</span> <span class='ocrx_word' id='word_1_200' title='bbox 439 3621 613 3701; x_wconf 89' lang='lat' dir='ltr'>praesenti</span> <span class='ocrx_word' id='word_1_201' title='bbox 635 3620 710 3683; x_wconf 91' lang='lat' dir='ltr'>uita</span> <span class='ocrx_word' id='word_1_202' title='bbox 731 3619 936 3683; x_wconf 81' lang='lat' dir='ltr'>adlicientur</span> <span class='ocrx_word' id='word_1_203' title='bbox 957 3618 1071 3697; x_wconf 88' lang='lat' dir='ltr'>bona;</span> <span class='ocrx_word' id='word_1_204' title='bbox 1095 3619 1249 3683; x_wconf 89' lang='lat' dir='ltr'>minuen-</span> 
     </span>
     <span class='ocr_line' id='line_1_32' title="bbox 194 3719 1248 3801; baseline 0 -19"><span class='ocrx_word' id='word_1_205' title='bbox 194 3725 263 3782; x_wconf 90' lang='lat' dir='ltr'>tem</span> <span class='ocrx_word' id='word_1_206' title='bbox 281 3739 364 3784; x_wconf 87' lang='lat' dir='ltr'>uero</span> <span class='ocrx_word' id='word_1_207' title='bbox 382 3727 475 3782; x_wconf 85' lang='lat' dir='ltr'>terra</span> <span class='ocrx_word' id='word_1_208' title='bbox 496 3719 615 3783; x_wconf 90' lang='lat' dir='ltr'>uinum</span> <span class='ocrx_word' id='word_1_209' title='bbox 638 3719 805 3796; x_wconf 84' lang='lat' dir='ltr'>dehiscat,</span> <span class='ocrx_word' id='word_1_210' title='bbox 821 3726 925 3801; x_wconf 91' lang='lat' dir='ltr'>atque</span> <span class='ocrx_word' id='word_1_211' title='bbox 947 3719 1021 3782; x_wconf 88' lang='lat' dir='ltr'>eins</span> <span class='ocrx_word' id='word_1_212' title='bbox 1049 3719 1163 3782; x_wconf 88' lang='lat' dir='ltr'>anima</span> <span class='ocrx_word' id='word_1_213' title='bbox 1185 3738 1248 3801; x_wconf 92' lang='lat' dir='ltr'>pro</span> 
     </span>
     <span class='ocr_line' id='line_1_33' title="bbox 193 3817 1249 3899; baseline -0.002 -17"><span class='ocrx_word' id='word_1_214' title='bbox 193 3817 282 3883; x_wconf 83' lang='lat' dir='ltr'>tanti</span> <span class='ocrx_word' id='word_1_215' title='bbox 307 3819 490 3883; x_wconf 88' lang='lat' dir='ltr'>commisso</span> <span class='ocrx_word' id='word_1_216' title='bbox 512 3819 665 3883; x_wconf 89' lang='lat' dir='ltr'>oriminis</span> <span class='ocrx_word' id='word_1_217' title='bbox 689 3827 786 3883; x_wconf 90' lang='lat' dir='ltr'>reatu</span> <span class='ocrx_word' id='word_1_218' title='bbox 806 3839 884 3883; x_wconf 91' lang='lat' dir='ltr'>cum</span> <span class='ocrx_word' id='word_1_219' title='bbox 905 3818 994 3883; x_wconf 89' lang='lat' dir='ltr'>Iuda</span> <span class='ocrx_word' id='word_1_220' title='bbox 1013 3817 1143 3882; x_wconf 89' lang='lat' dir='ltr'>Christi</span> <span class='ocrx_word' id='word_1_221' title='bbox 1168 3837 1249 3899; x_wconf 91' lang='lat' dir='ltr'>pro-</span> 
     </span>
    </p>
   </div>
   <div class='ocr_carea' id='block_1_6' title="bbox 190 3917 1249 4202">
    <p class='ocr_par' dir='ltr' id='par_1_6' title="bbox 190 3917 1249 4202">
     <span class='ocr_line' id='line_1_34' title="bbox 193 3917 1249 4002; baseline 0 -21"><span class='ocrx_word' id='word_1_222' title='bbox 193 3918 303 3982; x_wconf 90' lang='lat' dir='ltr'>ditore</span> <span class='ocrx_word' id='word_1_223' title='bbox 320 3925 506 4000; x_wconf 89' lang='lat' dir='ltr'>perpetuas</span> <span class='ocrx_word' id='word_1_224' title='bbox 521 3919 596 3983; x_wconf 90' lang='lat' dir='ltr'>sine</span> <span class='ocrx_word' id='word_1_225' title='bbox 613 3920 680 3982; x_wconf 90' lang='lat' dir='ltr'>fine</span> <span class='ocrx_word' id='word_1_226' title='bbox 698 3918 817 4000; x_wconf 85' lang='lat' dir='ltr'>lugeat</span> <span class='ocrx_word' id='word_1_227' title='bbox 834 3938 975 4002; x_wconf 76' lang='lat' dir='ltr'>poenaS,</span> <span class='ocrx_word' id='word_1_228' title='bbox 988 3919 1054 3981; x_wconf 89' lang='lat' dir='ltr'>nisi</span> <span class='ocrx_word' id='word_1_229' title='bbox 1071 3917 1126 3981; x_wconf 93' lang='lat' dir='ltr'>bio</span> <span class='ocrx_word' id='word_1_230' title='bbox 1144 3918 1249 3999; x_wconf 83' lang='lat' dir='ltr'>digna</span> 
     </span>
     <span class='ocr_line' id='line_1_35' title="bbox 190 4018 1247 4102; baseline -0.001 -20"><span class='ocrx_word' id='word_1_231' title='bbox 190 4018 425 4082; x_wconf 82' lang='lat' dir='ltr'>satisfactione</span> <span class='ocrx_word' id='word_1_232' title='bbox 453 4020 688 4083; x_wconf 88' lang='lat' dir='ltr'>emendauerit</span> <span class='ocrx_word' id='word_1_233' title='bbox 716 4019 808 4102; x_wconf 90' lang='lat' dir='ltr'>quod</span> <span class='ocrx_word' id='word_1_234' title='bbox 840 4026 962 4085; x_wconf 90' lang='lat' dir='ltr'>contra</span> <span class='ocrx_word' id='word_1_235' title='bbox 995 4018 1121 4082; x_wconf 88' lang='lat' dir='ltr'>almam</span> <span class='ocrx_word' id='word_1_236' title='bbox 1153 4019 1247 4082; x_wconf 90' lang='lat' dir='ltr'>trini-</span> 
     </span>
     <span class='ocr_line' id='line_1_36' title="bbox 192 4117 1248 4202; baseline -0.002 -19"><span class='ocrx_word' id='word_1_237' title='bbox 192 4125 298 4183; x_wconf 88' lang='lat' dir='ltr'>tatem</span> <span class='ocrx_word' id='word_1_238' title='bbox 318 4136 504 4201; x_wconf 89' lang='lat' dir='ltr'>ueramqnc</span> <span class='ocrx_word' id='word_1_239' title='bbox 526 4120 694 4184; x_wconf 87' lang='lat' dir='ltr'>unitatem</span> <span class='ocrx_word' id='word_1_240' title='bbox 718 4126 846 4184; x_wconf 87' lang='lat' dir='ltr'>temere</span> <span class='ocrx_word' id='word_1_241' title='bbox 863 4119 1018 4202; x_wconf 91' lang='lat' dir='ltr'>deliquit.</span> <span class='ocrx_word' id='word_1_242' title='bbox 1073 4118 1138 4184; x_wconf 84' lang='lat' dir='ltr'>Dis</span> <span class='ocrx_word' id='word_1_243' title='bbox 1160 4117 1248 4201; x_wconf 89' lang='lat' dir='ltr'>synd</span> 
     </span>
    </p>
   </div>
   <div class='ocr_carea' id='block_1_7' title="bbox 0 0 1448 4890">
    <p class='ocr_par' dir='ltr' id='par_1_7' title="bbox 0 0 1448 4890">
     <span class='ocr_line' id='line_1_37' title="bbox 0 0 1448 4890; baseline 0 1"><span class='ocrx_word' id='word_1_244' title='bbox 0 0 1448 4890; x_wconf 95' lang='lat' dir='ltr'> </span> 
     </span>
    </p>
   </div>
  </div>
 </body>
</html>
