2888 4890
197 373 261 438 118
453 392 625 441 cnnnrnn
651 391 996 441 Anonosaxonrcnn.

198 553 346 624 tenetur,
361 567 438 613 oum
462 550 547 612 meis
569 549 776 614 fidelissimis
797 549 953 627 testibus,
975 547 1119 612 firmiter
1136 547 1244 613 firmo.

199 647 276 728 Ego
310 648 389 713 Offa
420 669 482 713 rex
517 650 627 714 crucis
657 651 795 732 signum
826 651 965 733 impono
998 651 1036 730 »14
1068 669 1147 712 cum
1169 649 1246 714 aliis

198 749 353 813 testibus.
436 752 475 832 »14
513 750 589 832 Ego
620 751 795 827 AEtielwlf,
832 751 947 830 gratia
982 749 1039 813 dei
1079 748 1247 814 Occiden-

198 848 318 912 talium
346 849 524 914 Saxonum
550 870 624 927 rex,
650 852 711 933 qui
736 851 874 927 donam,
903 870 980 914 cum
1006 849 1106 931 signo
1134 852 1247 915 crucis

195 947 328 1015 Christi
362 952 536 1033 propriam
569 970 709 1015 manum
745 950 911 1033 impono„
930 951 974 1014 ab
1006 951 1099 1014 omni
1137 951 1248 1032 regali

197 1051 342 1114 seruicio
365 1058 400 1115 et
417 1051 509 1116 omni
531 1052 758 1115 saecularium
781 1070 963 1115 causarum
993 1051 1154 1114 absoluta
1175 1071 1248 1115 ser·

197 1150 318 1215 uitute.
369 1150 408 1215 Si
434 1152 499 1216 hoc
524 1152 602 1233 quis
630 1152 782 1217 minuere
796 1151 863 1215 uel
888 1160 1023 1215 mutare
1045 1170 1247 1234 praesump-

198 1251 291 1327 serit,
318 1259 439 1317 noscat
466 1272 504 1316 se
535 1261 617 1316 ante
644 1251 796 1316 tribunal
822 1250 951 1316 Christi
974 1251 1143 1314 rationem
1171 1251 1248 1315 red·

197 1350 359 1427 diturum,
387 1353 452 1417 nisi
489 1353 584 1434 prius
616 1352 853 1416 satisfactione
884 1351 1132 1415 emendauerit.
1202 1355 1242 1435 »14

200 1450 275 1533 Ego
299 1451 450 1517 Ceolwlf
466 1472 529 1516 rex
545 1452 754 1516 Marciorum
780 1452 869 1516 hanc
894 1451 1087 1535 praefatam
1110 1458 1250 1532 terram,

197 1551 384 1615 secundum
406 1553 607 1635 petitionem
627 1552 778 1617 Kenredi
799 1552 963 1636 episcopi,
986 1558 1021 1616 et
1038 1553 1113 1616 eius
1134 1552 1251 1635 placa·

197 1650 258 1715 bili
281 1650 464 1737 (pecunia)
501 1699 817 1717 ..........
849 1653 884 1716 id
909 1659 962 1716 est
982 1652 1018 1716 in
1037 1671 1181 1716 numero
1205 1671 1250 1719 .c.

199 1770 394 1829 mancusae,
415 1755 458 1817 ab
484 1753 642 1816 omnibus
670 1753 762 1816 curis
794 1753 1029 1817 saecularibus
1055 1753 1091 1815 in
1119 1755 1249 1818 aeccle-

196 1850 372 1916 siasticam
404 1852 597 1918 libertatem
631 1854 840 1936 perdonabo,
868 1873 947 1917 cum
976 1853 1063 1917 meis
1090 1853 1250 1919 fidelibus

196 1952 352 2029 testibus,
364 1959 400 2017 et
413 1954 482 2018 illis
497 1953 698 2036 rogantibus
712 1959 747 2017 et
761 1954 1063 2022 consentientibus.
1105 1954 1145 2034 »14
1157 1953 1247 2018 Ead-

195 2052 309 2117 bricht
335 2053 528 2137 episcopus
588 2055 628 2135 »14
652 2053 805 2118 Kenired
831 2055 1023 2137 episcopus.
1088 2056 1128 2136 »14
1148 2053 1248 2120 Sired

196 2151 280 2218 dux.
324 2154 364 2234 »14
381 2154 539 2219 Wullred
557 2154 640 2219 dux.
695 2152 786 2218 Acta
804 2161 885 2219 sunt
899 2155 984 2218 haec
999 2155 1036 2216 in
1053 2154 1139 2218 uilla
1156 2174 1266 2238 quae.

196 2252 321 2318 dicitur
338 2254 523 2318 Deaniton.

645 2469 792 2532 MLXI.

384 2610 634 2678 AEDELRED
661 2610 725 2674 OF
750 2609 966 2691 WESSEX,
988 2611 1063 2677 868.

251 2754 289 2837 »14
313 2752 358 2816 ΙΝ
374 2754 510 2816 nomine
527 2752 654 2816 domini
671 2752 778 2814 nostri
797 2751 903 2815 Ihesn
922 2752 1069 2818 Christi!
1117 2753 1247 2818 Omnia

195 2871 285 2933 quae
310 2853 347 2915 in
368 2852 433 2915 hoc
456 2853 583 2915 mundo
598 2852 642 2914 ad
666 2851 832 2915 solacium
858 2853 1014 2916 mortalis
1040 2854 1134 2917 uitae
1162 2855 1246 2919 data

195 2958 275 3015 sunt
292 2951 496 3035 temporalia
513 2958 614 3031 sunt;
635 2957 670 3014 et
686 2970 727 3014 ea
743 2971 826 3014 uero
841 2971 928 3034 quae
943 2953 979 3015 in
996 2973 1102 3035 regno
1119 2955 1247 3019 coeles-

195 3052 240 3114 tis
262 3052 356 3115 uitae
373 3053 503 3116 sanctis
521 3052 690 3134 promissa
706 3057 787 3114 suut
808 3051 880 3114 sine
898 3052 964 3116 fine
981 3055 1246 3135 permanebunt3

193 3150 270 3214 ideo
286 3151 424 3216 caducis
444 3158 479 3215 et
492 3151 591 3214 uanis
608 3151 710 3214 rebus
726 3157 867 3215 aeterna
883 3158 919 3215 et
940 3153 1067 3234 iugiter
1083 3173 1246 3236 perman·

194 3270 275 3314 sura
306 3251 433 3332 gaudia
466 3250 624 3316 coelestis
657 3251 791 3333 patriae
822 3270 1030 3333 magnopere
1060 3254 1247 3318 mercanda

194 3358 285 3414 sunt.
332 3350 554 3433 Quapropter
567 3348 817 3432 egoAEitelred,
829 3351 942 3432 gratia
959 3351 1025 3428 dei,
1036 3352 1245 3418 Occidenta-

193 3449 276 3514 lium
292 3449 470 3514 Saxonum
485 3471 560 3528 rex,
574 3470 637 3533 pro
655 3449 804 3514 remedio
820 3449 954 3515 animae
970 3470 1078 3528 meae,
1091 3453 1244 3535 aliquam

192 3557 327 3632 partem
349 3557 461 3614 terrae
477 3551 562 3614 iuris
579 3551 645 3614 mei
660 3569 736 3613 meo
759 3551 914 3615 ministro
931 3551 1090 3635 Hunsige
1112 3553 1148 3615 in
1167 3573 1245 3636 per-

192 3657 331 3733 petuam
354 3650 601 3715 haereditatem
625 3651 772 3714 libenter
795 3650 941 3732 largitus
963 3671 1051 3728 sum,
1069 3651 1103 3716 id
1126 3659 1180 3716 est
1198 3672 1243 3720 .v.

192 3758 359 3828 cassatos
377 3751 412 3813 in
433 3752 509 3815 loco
525 3751 584 3833 qui
608 3749 804 3833 appellatur
824 3751 1067 3834 aetW0rliige3
1087 3752 1153 3816 hoc
1177 3761 1244 3833 est,

191 3858 231 3914 ut
245 3851 371 3915 habeat
386 3858 491 3933 atque
506 3851 679 3934 possideat
693 3850 884 3932 praefatam
902 3858 1028 3915 terram
1044 3871 1123 3916 curn
1136 3855 1244 3928 omoi-

191 3951 255 4014 bus
277 3952 485 4014 utilitatibus
504 3951 547 4014 ad
571 3970 647 4014 eam
669 3950 931 4032 pertinentibus
952 3952 1095 4035 campis,
1118 3953 1244 4034 pratis,

190 4052 340 4130 pascuis,
358 4051 466 4126 siluis
490 4050 653 4132 quamdiu
680 4051 895 4134 omnipotens
922 4052 1008 4116 dens
1028 4052 1179 4117 uoluerit
1204 4062 1245 4119 ut

191 4149 246 4213 bio
266 4150 302 4213 in
317 4150 386 4214 ista
409 4151 483 4215 uita
507 4150 705 4215 demoratus
727 4150 851 4232 fuerit3
876 4159 911 4215 et
935 4159 1015 4234 post
1032 4153 1132 4217 finem
1149 4154 1245 4218 uitae
1266 4196 1272 4203 -
