2888 4890
193 353 263 419 272
329 338 331 343 ¹
456 371 628 420 curaris
654 369 1000 419 nuouosnxouronn:

197 535 252 592 cet
275 530 403 593 ouante
422 548 599 606 concessu,
626 528 822 606 tramitibus
847 546 932 592 suae
949 527 1126 610 possideat
1144 528 1253 605 uitae,

196 627 358 713 deinceps
375 649 523 713 namque
545 630 611 693 sibi
640 629 838 693 succedenti
863 629 920 692 cui
936 628 1086 692 uoluerit
1111 627 1253 692 haeredi

195 727 420 812 derelinquat,
445 749 508 794 ceu
530 730 701 812 praedixi,
726 731 761 793 in
788 735 963 793 aeternam
988 727 1253 792 haereditatem.

198 827 342 894 Maneat
374 830 483 912 igitur
515 850 628 894 meum
659 829 726 894 hoc
753 829 917 893 inmobile
946 828 1072 893 donum
1106 835 1252 912 aeterna

196 928 356 994 libertate
390 930 589 1007 iocundum,
621 950 698 993 cum
731 930 889 993 omnibus
924 949 1014 1011 quae
1053 929 1098 992 ad
1136 929 1252 1011 ipsum

197 1029 311 1092 locum
339 1031 509 1112 pertinere
533 1030 770 1107 dinoscuntur,
788 1036 858 1094 tam
881 1029 916 1093 in
940 1029 1075 1112 magnis
1093 1048 1197 1112 quam
1214 1030 1253 1093 in

197 1128 340 1209 modicis
365 1131 480 1207 rebuS,
504 1131 646 1214 campis,
670 1129 822 1212 pascuis,
847 1129 968 1213 pratis,
987 1130 1098 1207 siluiS,
1123 1129 1257 1194 diriua*

196 1229 311 1312 tisque
326 1231 495 1294 cursibus
525 1249 705 1313 aquarum,
736 1237 883 1313 excepto
913 1231 1086 1293 communi
1118 1230 1253 1319 labore,

198 1329 427 1410 expeditione,
454 1332 569 1413 pontis
606 1330 740 1394 arcisue
774 1330 1064 1396 coaedificatione.
1130 1329 1168 1393 Si
1190 1331 1251 1414 qui

198 1428 356 1512 denique,
383 1422 486 1494 michi
517 1451 586 1494 uon
618 1431 765 1513 optanti,
796 1430 884 1494 hanc
916 1429 1086 1494 libertatis
1116 1438 1249 1495 cartam

195 1529 306 1594 liuore
336 1531 487 1612 depressi
517 1531 647 1596 uiolare
677 1531 880 1612 satagerint,
911 1530 1106 1613 agminibus
1137 1537 1253 1595 tetrae

197 1629 355 1712 caliginis
378 1631 468 1714 lapsi
489 1651 611 1696 uocem
633 1631 776 1695 audiant
793 1631 1059 1695 examinationis
1079 1630 1134 1694 die
1156 1631 1252 1711 arbi·

197 1730 260 1793 tris
283 1731 349 1794 sibi
371 1730 529 1809 dicentis,
547 1738 557 1766 ‘
572 1731 747 1795 Discedite
775 1750 797 1794 a
819 1750 873 1795 me
890 1730 1064 1795 maledicti
1080 1731 1249 1813 inignem

196 1830 399 1908 aeternum:
417 1832 476 1895 ubi
501 1850 578 1894 cum
608 1829 828 1895 daemonibus
855 1837 891 1895 et
915 1850 994 1894 cum
1011 1829 1101 1894 Iuda
1118 1830 1250 1898 Christi

195 1930 371 2012 proditore
396 1930 515 1995 ferreis
542 1931 773 2014 sartaginibus
801 1931 932 1997 crudeli
955 1938 1185 2013 torqueantur
1199 1933 1247 1997 in

194 2049 318 2111 poena,
338 2031 368 2093 si
392 2051 462 2095 non
484 2038 564 2096 ante
588 2040 733 2097 mortem
765 2031 871 2113 digna
895 2031 961 2096 hoc
986 2032 1248 2098 emendauerint

194 2131 416 2213 poenitentia.
468 2131 536 2195 Sed
570 2138 685 2196 tamen
715 2140 861 2213 surgunt
892 2132 1092 2215 frequenter
1121 2135 1247 2199 naenia

194 2231 463 2295 machinantium
500 2232 671 2315 quomodo
710 2241 856 2315 possunt
886 2231 1074 2313 infringere
1110 2239 1248 2298 statuta

194 2331 406 2412 priscorum3
441 2332 501 2395 sed
535 2331 600 2396 hoc
628 2333 720 2397 omni
749 2332 851 2397 modo
879 2333 923 2395 ab
951 2333 1108 2397 omnibus
1138 2333 1247 2399 chris·

195 2431 298 2496 tianis
315 2431 493 2509 interdico,
510 2431 561 2496 ita
578 2440 619 2496 ut
635 2451 748 2495 meum
772 2432 899 2496 donum
922 2433 1183 2497 corroboratum
1200 2435 1248 2500 sit

194 2550 271 2594 cum
297 2531 476 2613 signaculo
504 2538 644 2596 sanotae
672 2533 796 2597 crucis.
841 2531 958 2597 Etiam
984 2532 1015 2595 si
1039 2533 1117 2615 quis
1138 2534 1245 2598 alium

195 2632 375 2714 antiquum
400 2632 523 2695 librum
548 2632 584 2696 in
604 2632 790 2715 propatulo
812 2631 995 2715 protulerit
1012 2651 1075 2696 nec
1097 2633 1164 2697 sibi
1181 2654 1246 2700 nec

194 2731 271 2795 aliis
297 2731 467 2814 proficiat,
476 2732 542 2796 ‘sed
567 2733 603 2795 in
629 2732 836 2814 sempiterno
863 2731 1008 2815 graphio
1022 2732 1190 2812 deleatur,
1210 2743 1246 2800 et

194 2851 273 2894 cum
288 2832 388 2896 iustis
409 2851 478 2896 non
507 2832 678 2896 scribatur
693 2851 756 2896 nec
772 2831 944 2896 audiatur.
997 2831 1065 2896 His
1088 2834 1244 2898 terminis

193 2931 371 3012 praedicta
397 2939 490 2996 terra
506 2933 762 3016 circumgyrata
778 2951 854 2996 esse
871 2932 1027 2996 uidetur'
1072 2931 1138 2997 Dis
1154 2935 1245 3016 synd

191 3037 239 3096 aa
263 3023 485 3114 landgemcre
510 3022 548 3096 to
570 3023 642 3097 ban
658 3049 749 3098 ,xva
766 3023 886 3096 hidam
910 3039 957 3097 aet
975 3031 1244 3116 Pippingmyns-

195 3139 256 3195 tre.
309 3132 427 3197 AErest
442 3132 482 3196 of
493 3132 638 3196 Fearres
663 3134 803 3197 cambes
832 3121 955 3196 heafdo
972 3138 1059 3195 west
1086 3151 1132 3196 on
1150 3139 1245 3199 itone

193 3231 365 3315 herepot33
390 3224 465 3297 swa
490 3242 577 3297 west
602 3232 791 3314 andlanges
820 3231 878 3296 bes
905 3231 1095 3314 herepones
1124 3239 1186 3299 atet
1214 3236 1247 3302 it

193 3351 290 3414 cyme
305 3323 344 3396 to
360 3321 609 3397 easteweardre
624 3321 793 3408 aebeara3
816 3339 888 3399 naet
910 3337 998 3396 nord
1020 3351 1066 3396 on
1088 3334 1245 3414 gerichtc

192 3432 233 3495 of
251 3419 401 3497 {roboare
418 3433 678 3497 westeweardre
695 3453 741 3496 on
755 3431 825 3497 bees
842 3434 999 3515 biscopes
1017 3423 1155 3515 gernere
1173 3437 1243 3500 and

193 3532 477 3612 Bennacumbes3
504 3519 579 3597 swa
598 3519 697 3597 adan
715 3532 812 3598 aefter
832 3538 905 3599 baes
924 3533 1081 3615 biscopes
1102 3527 1245 3615 gemere

193 3632 260 3696 and
279 3633 540 3696 Bennacumbes
564 3632 639 3696 ford
665 3639 737 3698 beet
754 3633 805 3697 hit
822 3637 925 3715 cyma
944 3634 986 3696 be
1011 3639 1118 3697 nor-tte
1133 3633 1243 3718 Fyrs-

191 3722 307 3815 leage3
333 3720 408 3797 swa
421 3732 462 3795 of
472 3721 913 3816 nor’aewerdnerrsleage
926 3752 972 3795 on
982 3732 1244 3801 Bennacumbes

191 3832 287 3911 ford;
311 3829 421 3895 bonne
448 3823 498 3915 sip
515 3852 650 3914 ongean
674 3824 802 3898 stream
826 3822 902 3899 east
918 3852 963 3896 on
986 3832 1126 3897 tuhhele
1143 3827 1244 3918 m6r3

192 3931 233 4002 of
251 3922 337 4000 bam,
356 3921 452 3997 mbre
474 3952 519 3996 on
548 3932 681 4015 gerihte
708 3953 754 3996 on
779 3932 931 3997 heardan
962 3940 1065 4015 geat;
1101 3933 1142 3997 of
1162 3926 1242 4002 bam

192 4039 292 4112 geete
315 4050 360 4096 on
386 4031 501 4114 hagan
524 4053 569 4097 on
593 4021 730 4116 deopan
745 4032 844 4111 ford;
867 4032 907 4096 of
918 4020 1000 4098 bam
1018 4032 1119 4097 forda
1134 4052 1179 4097 on
1192 4042 1242 4102 tia

191 4130 391 4195 landsceare
415 4119 512 4195 tuan
531 4152 575 4197 on
597 4133 738 4198 sciteres
762 4119 914 4212 stre5m3
946 4132 986 4196 of
1001 4123 1073 4217 ban
1090 4125 1241 4221 streame
