2888 4890
190 358 254 424 130
446 374 619 422 canarno
647 371 992 420 nnenosnxouroao.

192 530 301 593 aliter
316 530 545 612 peruertendo
570 529 726 606 daturos,
760 537 1002 611 praeterquam
1036 533 1174 610 egomet
1194 526 1244 592 leb

192 632 282 711 gabo
296 630 351 693 die
366 630 525 712 proximo
542 630 609 694 iam
625 628 786 693 instante.

224 729 339 795 ¹Unde
361 750 427 812 ego
449 729 638 805 AElsreduS,
656 728 773 792 diuino
794 748 946 807 munere,
967 728 1242 793 occidentalium

193 829 370 894 Saxonum
385 849 459 906 rex,
474 829 711 912 praesentibus
728 828 887 907 testibus,
904 829 1130 893 intentionem
1146 847 1244 890 meae

191 930 334 993 ultimae
351 929 540 993 uoluntatis
558 929 593 991 in
611 929 883 1011 praesentiarum
900 928 1048 1010 profero,
1067 936 1107 993 ut
1123 926 1245 1009 imple-

193 1036 346 1094 mentum
359 1030 526 1093 sortiatur
533 1035 613 1110 post
625 1029 800 1111 proprium
816 1027 854 1092 in
871 1028 946 1092 fata
961 1029 1149 1093 decessum.
1183 1027 1245 1090 In·

192 1128 324 1211 primis,
339 1129 488 1193 concedo
502 1148 578 1193 meo
591 1128 718 1192 seniori
729 1128 801 1193 filio
813 1127 1022 1192 Eaduuardo
1035 1127 1116 1193 illas
1133 1135 1244 1192 terras

193 1229 285 1311 apud
299 1228 454 1293 Stratnet
463 1229 500 1292 in
510 1228 761 1306 Triconschire,
772 1235 806 1292 et
818 1228 1069 1311 Hortingtune,
1082 1246 1158 1292 cum
1170 1235 1246 1292 tota

192 1329 302 1393 libera
315 1337 408 1393 terra
417 1349 521 1412 quam
538 1327 665 1393 Leuius
678 1349 700 1391 a
715 1328 813 1392 nobis
826 1348 887 1411 per·
897 1335 1002 1393 antea
1016 1329 1140 1405 tenuit,
1151 1326 1244 1411 apud

195 1428 404 1506 Careutune,
422 1436 457 1492 et
480 1428 572 1510 apud
594 1427 803 1505 Kisantune,
825 1435 861 1493 et
882 1429 974 1510 apud
997 1427 1188 1505 Burnham,
1207 1435 1247 1491 et

194 1529 286 1611 apud
302 1527 498 1593 Wedmore.
530 1528 678 1610 Insuper
692 1548 757 1610 ego
772 1528 936 1592 confirmo
953 1528 1088 1592 custodi
1105 1527 1247 1592 deCeo-

194 1630 266 1705 dre,
283 1629 375 1712 quod
390 1629 464 1711 ipse
478 1628 563 1692 illud
583 1628 709 1693 habeat
726 1628 913 1693 secundum
935 1629 1206 1710 assignationem
1223 1646 1246 1691 a

197 1728 296 1793 nobis
308 1729 556 1812 praelocutam,
568 1748 645 1792 cum
659 1735 753 1792 terra
764 1729 825 1793 illa
838 1729 930 1813 apud
943 1728 1099 1792 Kintune
1112 1747 1247 1793 necnon

196 1848 274 1893 cum
288 1829 445 1892 omnibus
459 1827 503 1892 ad
513 1828 600 1892 illud
610 1829 870 1911 pertinentibus
905 1828 1060 1892 Ulterius
1068 1828 1247 1910 praedicto

196 1929 347 1993 concedo
374 1928 509 1992 custodi
532 1937 641 1993 terras
668 1928 747 1992 illas
775 1928 866 2010 apud
895 1927 1074 2005 Kantune,
1098 1934 1135 1993 et
1153 1927 1247 2010 apud

197 2029 392 2105 Bedewind
412 2036 447 2092 et
471 2028 563 2110 apud
590 2027 759 2111 Peuesey,
783 2035 818 2093 et
838 2028 931 2110 apud
954 2028 1196 2105 Husseburne‚
1213 2036 1250 2092 et

197 2130 288 2213 apud
307 2129 467 2206 Suttune,
482 2136 518 2192 et
533 2128 625 2210 apud
642 2127 826 2204 Leodrian,
836 2135 873 2192 et
883 2129 976 2210 apud
990 2127 1122 2192 Altune
1135 2149 1144 2208 3
1167 2147 1248 2191 cum

197 2229 354 2293 omnibus
379 2229 496 2292 liberis
522 2229 622 2292 terris
646 2248 733 2311 quas
758 2228 795 2291 in
817 2227 943 2293 Cantia
966 2228 1193 2311 possidemus
1209 2236 1248 2292 et

197 2330 289 2413 apud
317 2328 511 2393 inferiorem
539 2328 760 2405 Husseburn‚
784 2334 820 2392 et
842 2328 934 2411 apud
962 2327 1180 2411 Kyseldeno:
1203 2328 1250 2392 do

196 2429 276 2494 illas
303 2436 414 2493 terras
440 2447 517 2492 meo
542 2428 777 2512 principaliori
805 2429 969 2492 seruienti
994 2428 1087 2510 apud
1109 2426 1250 2492 Winto·

198 2530 303 2606 niam,
322 2529 512 2592 secundum
537 2528 804 2609 assignationem
828 2529 1016 2592 secundum
1035 2546 1140 2611 quam
1161 2528 1249 2591 illud

197 2636 299 2712 pater
321 2648 417 2692 meus
441 2628 618 2710 praedicto
641 2629 804 2692 seruienti
826 2628 1003 2711 perprius
1024 2645 1130 2711 quam
1150 2627 1251 2692 allec·

198 2736 298 2793 tuose
326 2728 525 2810 delegauit:
567 2728 713 2793 alterum
750 2747 834 2791 uero
867 2727 1014 2804 feodum,
1047 2746 1149 2810 quem
1183 2746 1251 2809 ego

199 2828 361 2911 Egulpho
385 2828 474 2905 dedi,
503 2848 611 2912 usque
638 2829 681 2892 ad
714 2835 845 2892 certum
869 2836 1016 2909 tempus,
1038 2827 1130 2910 apud
1162 2827 1249 2892 inse-

198 2930 322 2992 riorem
354 2927 591 3004 Hussebume,
616 2929 876 3010 praenominato
902 2928 1066 2992 seruienti
1086 2927 1249 2992 concedo.

202 3028 349 3110 Insuper
364 3028 409 3092 do
420 3035 499 3092 meo'
509 3029 634 3092 iuniori
650 3028 733 3104 filio,
750 3035 861 3092 terras
876 3026 955 3090 illas
973 3026 1065 3110 apud
1081 3026 1252 3109 Edering·

200 3137 296 3205 tune,
308 3135 343 3191 et
355 3128 446 3210 apud
459 3129 569 3205 Dene,
582 3135 616 3192 et
628 3128 719 3210 apud
732 3127 848 3205 Mene,
859 3135 895 3191 et
907 3127 999 3210 apud
1011 3125 1250 3211 Ambresbiry,

201 3236 237 3291 et
254 3226 344 3309 apud
363 3227 474 3304 Dono,
491 3234 525 3292 et
541 3228 633 3311 apud
648 3227 903 3305 Stureminster,
919 3234 955 3292 et
965 3226 1058 3311 apud
1076 3226 1197 3304 Zcule,
1213 3236 1250 3293 et

199 3327 291 3410 apud
304 3326 470 3405 Cruerne,
479 3334 515 3392 et
528 3329 619 3410 apud
629 3327 868 3404 Withchurch,
878 3335 913 3390 et
923 3328 1015 3410 apud
1027 3326 1250 3406 dummodo,

201 3435 236 3490 et
258 3426 350 3509 apud
377 3427 668 3505 Brannescumbe‚
689 3434 724 3492 et
744 3427 836 3510 apud
859 3426 1079 3504 Columtune,
1101 3432 1137 3492 et
1152 3429 1250 3510 apud

199 3525 365 3609 Twyfird,
377 3533 413 3590 et
426 3528 518 3609 apud
538 3527 757 3604 Milleburne,
768 3534 803 3591 et
819 3528 911 3610 apud
928 3527 1198 3610 Exanmynster,
1213 3535 1249 3593 et

199 3627 292 3709 apud
315 3625 506 3704 Suawime,
528 3635 564 3691 et
581 3628 674 3710 apud
692 3627 854 3706 Liutune‚
873 3647 950 3691 cum
967 3627 1126 3692 omuibus
1148 3627 1250 3692 terris

200 3728 243 3792 ad
270 3726 357 3790 illud
387 3728 651 3810 pertinentibus,
679 3745 769 3809 quae
799 3733 881 3791 sunt
914 3746 1032 3791 omnes
1064 3744 1151 3810 quas
1182 3727 1248 3791 sub

198 3827 295 3892 coelo
320 3826 443 3891 ibidem
472 3826 642 3909 possideo,
667 3827 883 3891 solummodo
911 3825 1161 3910 Tryconschire
1189 3846 1250 3892 ex·

199 3934 310 4009 cepto.
381 3926 528 4008 Insuper
561 3947 657 3991 meae
691 3927 782 3991 filiae
812 3926 961 3992 concedo
997 3927 1248 4009 primogenitae

198 4028 317 4091 uillam
338 4026 382 4091 de
395 4026 569 4106 Welewe;
593 4034 628 4092 et
646 4046 742 4091 meae
756 4027 848 4091 filiae
863 4026 1082 4109 postgenitae
1095 4027 1248 4091 concedo

197 4127 315 4192 uillam
334 4127 376 4190 de
388 4126 501 4205 Clare,
514 4127 604 4192 etde
621 4126 841 4202 Condeuere;
866 4136 902 4191 et
912 4142 1008 4191 meae
1021 4125 1144 4191 minori
1157 4126 1253 4192 filiae
