2888 4890
251 342 318 410 390
513 365 685 413 enarras
707 364 1055 414 Anonosnxonrons.

261 522 300 601 »14
324 520 401 601 Ego
417 520 540 591 AElfric
563 521 727 587 minister.
785 522 824 601 ‚14
853 518 930 599 Ego
953 516 1105 598 AElfsige
1143 518 1309 582 minister.

260 619 299 698 »14
336 620 412 702 Ego
429 619 569 701 AElfgar
600 620 766 683 minister.
831 620 870 699 »14
892 617 969 698 Ego
988 617 1176 699 Byrhtfers
1192 619 1312 681 minis·

257 726 319 788 ter.
376 721 414 800 »14
440 719 515 801 Ego
531 719 699 785 AElfwold
718 718 883 787 minister.
940 718 979 797 »14
1004 716 1080 798 Ego
1097 716 1225 781 AElfric
1250 717 1324 780 mia

256 818 373 883 nister.
425 821 464 900 »14
480 819 556 900 Ego
568 818 766 882 AEttelwold
782 819 948 885 minister.
1004 819 1045 896 »14
1060 815 1313 897 EgoWulfgar

257 917 423 980 minister.
480 921 519 1000 »14
543 918 619 1000 Ego
635 918 809 1002 Cynesige
835 917 1001 981 minister.
1057 918 1096 997 »14
1115 916 1192 997 Ego
1211 914 1312 979 Leof-

257 1015 346 1080 wine
372 1016 537 1082 minister.
611 1019 651 1098 »14
677 1017 753 1097 Ego
772 1016 899 1082 Eadric
931 1015 1097 1081 minister.
1171 1017 1211 1096 »14
1234 1015 1313 1096 Ego

260 1114 435 1184 AEtelterb
452 1117 617 1180 minister.

308 1214 361 1278 Sit
382 1225 498 1279 autem
524 1215 738 1297 praedictum
763 1233 895 1289 nemus,
920 1211 1012 1295 quod
1039 1232 1103 1294 ego
1126 1233 1205 1276 cum
1227 1232 1312 1277 con-

257 1332 360 1377 sensu
377 1315 582 1396 optimatum
599 1334 751 1378 meorum
769 1312 925 1395 praefato
942 1313 1191 1394 perpetualiter
1204 1313 1312 1393 largi-

259 1420 316 1475 tus
333 1433 408 1477 sum
426 1415 543 1478 abbati
560 1414 604 1477 ad
620 1412 915 1479 architectandum
930 1412 1145 1494 aecclesiam,
1158 1413 1203 1476 ab
1218 1413 1314 1476 omni

259 1521 415 1576 terrenae
437 1514 616 1576 seruitutis
638 1514 720 1594 iugo
746 1513 904 1588 liberum,
924 1512 1034 1575 tribus
1062 1510 1116 1574 his
1142 1512 1313 1593 exeeptis,

258 1618 337 1674 rata
351 1612 511 1676 uidelicet
523 1612 754 1693 expeditione,
765 1612 882 1692 pontis
897 1611 1032 1675 arcisue
1047 1612 1312 1676 restauratione.

259 1708 296 1772 Si
311 1711 388 1790 quis
404 1721 531 1788 autem,
549 1698 720 1775 laruarico
736 1711 921 1774 instinctus
938 1711 1076 1791 spiritu,
1094 1710 1158 1773 hoc
1181 1710 1312 1774 donum

259 1808 390 1873 uiolare
413 1812 639 1875 immutareue
662 1817 968 1892 praesumptuosus
988 1811 1221 1890 temptauerit,
1245 1809 1313 1872 nisi

259 1907 364 1989 digna
381 1910 618 1974 satisfactione
633 1917 713 1974 ante
729 1910 861 1975 obitum
879 1928 980 1971 suum
996 1928 1075 1975 reus
1091 1908 1315 1990 poenituerit,

259 2009 409 2072 aeternis
426 2010 556 2074 baratri
573 2017 767 2091 prostratus
789 2008 957 2073 incendiis
980 2027 1057 2071 eum
1077 2007 1167 2071 luda
1181 2007 1314 2072 Christi

234 2112 235 2116 ’
259 2107 433 2187 proditore
457 2109 677 2173 aeternaliter
696 2108 851 2189 lugubris
870 2107 1046 2189 puniatur.
1097 2107 1236 2188 Scripta
1259 2115 1315 2170 est

261 2206 345 2270 haec
372 2208 626 2272 munificentiae
651 2206 852 2290 syngrapha
873 2225 964 2269 anno
985 2207 1175 2272 dominicae
1198 2207 1313 2271 incar-

260 2307 410 2372 nationis
428 2325 637 2372 .occce.1.v1.
660 2306 847 2371 indictione
865 2308 988 2371 .x1111⁸.
1005 2306 1083 2375 idus
1103 2306 1296 2370 Februarii.

734 2472 849 2483 ...—

699 2633 879 2699 MCCIX.

628 2750 947 2862 mmmm.

317 2909 356 2988 »14
378 2906 583 2971 Ruennurs
601 2907 854 2989 imperpetuum
884 2907 1025 2973 domino
1058 2914 1178 2971 nostro
1207 2907 1316 2972 Ihesu

262 3005 420 3071 Christo!
490 3005 659 3069 Omnibus
692 3027 842 3089 namque
872 3007 1086 3090 sapientibus
1120 3014 1241 3071 notum
1273 3028 1316 3072 ac

262 3104 480 3168 manifestum
511 3112 649 3171 constat
670 3107 763 3188 quod
785 3107 878 3171 dicta
904 3107 1020 3170 futura
1043 3105 1099 3169 uel
1125 3105 1220 3171 sacta
1251 3127 1316 3188 pro

262 3203 444 3298 multiplici
475 3223 738 3287 aerumpnamm
775 3207 1034 3288 perturbatione
1066 3212 1103 3269 et
1129 3207 1317 3287 cogitatio-

261 3323 343 3371 num
369 3303 556 3400 negatione
578 3304 776 3386 frequenter
797 3326 843 3370 ex
865 3305 1029 3370 memoria
1050 3305 1229 3382 recedunt,
1246 3307 1317 3372 nisi

181 3466 183 3470 .
262 3404 453 3468 litterarum
484 3403 640 3483 apicibus
662 3411 697 3468 et
715 3405 892 3470 custodiae
920 3405 1058 3471 cautela
1083 3414 1316 3483 resernentur,

262 3511 297 3568 et
319 3502 582 3570 admemoriam
606 3512 822 3569 reuocentur.
875 3504 988 3583 Quam
1016 3505 1060 3569 ob
1082 3522 1223 3569 causam
1250 3525 1316 3586 ego

263 3602 408 3683 Eadwig
425 3601 615 3665 industrius
630 3601 826 3685 Anglo'rum
840 3624 904 3668 rex
915 3605 1126 3686 gubernator
1139 3611 1176 3669 et
1190 3612 1317 3682 rector,

262 3702 388 3764 idcireo
423 3701 559 3766 cuidam
593 3702 686 3768 fideli
724 3723 801 3770 meo
837 3705 995 3771 ministro
1026 3722 1127 3786 quem
1159 3705 1317 3771 nonnulli

262 3801 419 3867 uocitant
447 3808 529 3864 noto
566 3803 746 3867 uocamine
773 3803 909 3880 AElsric,
949 3823 1012 3885 pro
1044 3803 1117 3867 eius
1153 3804 1316 3871 beniuolo

261 3901 439 3981 obsequio,
456 3900 606 3982 aliquam
628 3903 821 3983 portionem
843 3910 957 3967 terrae
974 3903 1181 3986 perenniter,
1199 3911 1316 3969 mente

261 3999 400 4074 deuota,
425 4000 586 4077 concedo,
623 4001 656 4064 id
684 4009 738 4069 est
758 4021 800 4065 .V.
818 4023 958 4070 mansas
993 4003 1054 4066 illo
1083 4003 1118 4067 in
1147 4002 1225 4067 loco
1254 4005 1315 4067 ubi

264 4097 412 4180 Anglica
439 4100 672 4182 appellatione
704 4101 829 4167 dicitur
857 4110 904 4169 aet
930 4103 1193 4177 Eblesburnau;
1232 4102 1313 4171 dum
