2888 4890
189 361 255 424 310
447 375 619 423 curaris
642 372 988 423 nuccosnxourcrrr.

194 540 255 596 nat
284 542 388 614 atque
412 532 575 609 custodit,
598 531 680 614 quia
707 531 925 614 profuturum
951 549 1029 594 esse
1054 530 1247 594 iudicamus

195 653 236 696 ea
253 651 343 714 quae
359 632 531 697 communi
548 638 661 695 tractu
673 639 708 695 et
719 631 850 695 salubri
867 630 1011 694 consilio
1027 629 1248 708 deliniuntur,

194 739 233 799 ut
247 732 383 814 quidam
403 733 541 815 sapiens
558 731 774 796 exhortando
790 731 990 809 ammonuit,
1002 730 1132 808 dicenS,
1144 736 1154 764 ‘
1166 730 1249 793 Om-

194 833 252 894 nia
276 853 354 896 cum
379 833 523 897 consilio
539 831 607 908 iac,
635 839 671 894 et
693 839 773 913 post
790 830 920 894 facturn
943 850 1012 894 non
1035 830 1250 912 poenitebis?

197 932 328 996 Iccirco
346 933 484 996 minime
506 933 542 994 in
565 930 739 994 obliuione
761 931 878 1007 habui,
893 929 985 1013 quod
1008 949 1155 1012 paruam
1172 950 1251 1012 par-

197 1039 264 1095 tem
296 1033 479 1114 potestatis
506 1032 573 1095 mei
600 1050 752 1094 meorum
780 1031 1019 1112 episcoporum
1050 1031 1250 1094 testimonio

196 1139 479 1213 caeterarumque
505 1130 656 1194 fidelium
679 1129 960 1212 adstipulatione,
991 1129 1147 1193 hilariter
1173 1149 1250 1212 per-

195 1238 302 1312 petua
314 1232 473 1295 libertate
486 1231 614 1317 donaui
624 1248 666 1294 ‚u
681 1248 819 1293 mansas
832 1230 968 1294 cuidam
978 1229 1081 1293 militi
1095 1230 1250 1295 uocitata

199 1331 336 1400 nomine
353 1329 513 1407 Wulfric,
530 1331 566 1393 in
586 1330 646 1395 illo
669 1330 746 1394 loco
764 1331 823 1393 ubi
846 1329 1014 1393 ruricolae
1036 1329 1250 1411 appellatiuo

198 1449 264 1493 usu
295 1429 560 1513 ludibundisque
595 1431 773 1493 uocabulis
811 1449 934 1493 nomen
972 1428 1171 1492 indiderunt
1205 1436 1251 1492 aet

201 1528 487 1606 Deneceswur'de,
511 1550 573 1612 pro
597 1529 690 1593 illius
719 1549 836 1593 amore
862 1528 921 1611 qui
950 1528 1051 1605 dixit,
1068 1529 1188 1593 ‘Date
1216 1537 1250 1592 et

198 1629 336 1693 dabitur
353 1629 476 1707 uobis,'
492 1630 656 1712 quatinus
680 1630 738 1692 ille
763 1631 848 1692 bene
876 1627 1075 1711 perfruatur
1102 1647 1144 1691 ac
1170 1648 1248 1710 per-

201 1729 386 1810 petualiter
415 1730 592 1812 possideat
618 1729 782 1811 quamdiu
815 1730 916 1793 istius
949 1727 1090 1792 caducis
1120 1727 1250 1792 saeculi

200 1829 309 1891 uitam
337 1835 453 1892 tenere
481 1835 698 1910 praesumet3
733 1837 768 1892 et
793 1835 978 1911 postquam
1010 1827 1270 1892 uniuersitatis.

204 1929 296 1991 uiam
321 1928 445 1992 adierit
461 1929 664 2011 cuicumque
689 1928 840 1992 uoluerit
858 1927 998 1991 haeredi
1020 1928 1249 2011 derelinquat,

202 2028 305 2091 sicuti
333 2028 580 2110 praediximus,
609 2028 644 2090 in
679 2035 854 2093 aeternam
885 2027 1145 2091 haereditatem.
1198 2027 1252 2091 Sit

201 2134 317 2191 autem
359 2127 570 2208 praedictum
607 2147 667 2190 rus
700 2127 845 2190 liberum
878 2128 922 2191 ab
953 2128 1047 2191 omni
1082 2127 1251 2191 mundiali

202 2226 381 2290 obstaculo
415 2246 494 2290 cum
532 2227 690 2290 omnibus
729 2226 773 2290 ad
813 2246 850 2290 se
886 2227 952 2292 rite
988 2227 1251 2309 pertinentibus,

201 2327 345 2409 campis,
375 2327 525 2408 pascuis,
549 2327 668 2408 pratis,
700 2325 809 2402 siluiS,
845 2336 992 2409 excepto
1021 2327 1098 2390 istis
1128 2327 1251 2402 tribus,

203 2425 435 2507 expeditione,
451 2427 566 2508 pontis
589 2428 722 2489 arcisue
739 2427 1003 2490 constructione.
1056 2425 1100 2489 In
1116 2426 1251 2490 cunctis

203 2545 285 2588 uero
313 2526 569 2588 successoribus
595 2525 661 2589 hoc
687 2526 741 2589 ius
769 2527 965 2590 donationis
991 2525 1152 2606 augendo
1178 2526 1252 2609 qui-

202 2645 348 2707 cumque
378 2625 588 2708 amplificare
611 2626 815 2706 satagerint,
842 2633 970 2706 augeat
997 2624 1252 2708 amplificetque

202 2727 444 2817 cunctiparens
468 2725 603 2805 genitor
628 2725 664 2788 in
692 2724 757 2788 hoc
779 2726 954 2807 praesenti
978 2725 1117 2789 saeculo
1142 2725 1251 2788 uitam

203 2824 352 2901 illorum,
369 2832 404 2888 et
421 2826 511 2907 inter
527 2824 676 2888 coelibes
692 2825 785 2888 beati
802 2825 1012 2906 foelicesque
1027 2825 1101 2887 sine
1124 2825 1192 2887 fine
1214 2824 1250 2887 in

203 2933 344 2987 aeterna
359 2924 452 2988 doxa
469 2924 651 2986 laetentur.
703 2923 741 2987 Si
758 2925 835 3006 quis
853 2932 968 2988 autem
986 2925 1127 3006 propria
1144 2931 1250 2987 teme·

203 3024 307 3086 ritate
328 3023 498 3086 uiolenter
517 3023 680 3086 inuadere
705 3025 986 3105 praesumpserit,
1003 3024 1090 3087 sciat
1115 3042 1153 3086 se
1173 3042 1254 3105 pro-

203 3122 363 3185 culdubio
400 3130 481 3186 ante
516 3123 666 3187 tribunal
696 3122 844 3186 districti
882 3123 1017 3200 iudiciS,
1044 3123 1252 3186 titubantem

202 3223 543 3304 tremebundumque,
578 3222 744 3302 rationem
789 3221 1013 3299 redditurum,
1053 3222 1120 3284 nisi
1157 3222 1253 3304 prius

204 3319 309 3400 digna
326 3322 565 3385 satisfactione
578 3321 759 3384 emendare
773 3321 941 3385 maluerit.
995 3321 1079 3384 Istis
1097 3321 1253 3383 terminis

203 3419 381 3500 praedicta
402 3431 495 3486 terra
514 3421 769 3503 circumgyrato
786 3440 861 3484 esse
878 3420 1027 3484 uidetur.
1089 3419 1153 3482 Dis
1175 3420 1253 3483 sind

201 3525 247 3582 aa
265 3508 498 3600 landgemaera
512 3527 559 3583 aet
573 3520 852 3584 Deniceswur’de.
889 3520 1007 3584 AErest
1024 3539 1069 3583 on
1084 3510 1253 3583 culariae

205 3627 289 3683 west
311 3638 357 3683 on
374 3619 516 3698 mutti03
541 3638 585 3682 on
612 3625 659 3684 tta
684 3610 761 3693 dim
787 3640 832 3683 on
848 3619 1010 3683 Ordult'es
1040 3607 1191 3700 gemaere
1214 3610 1253 3684 td

190 3738 342 3783 ceawan
369 3708 513 3797 hlra‘ewe3
548 3718 699 3801 andlang
725 3710 783 3783 dic
808 3739 853 3783 on
876 3710 1064 3797 landbr603
1100 3718 1255 3802 andlang

201 3809 323 3882 broces
347 3811 386 3883 t6
408 3807 479 3883 dan
501 3822 650 3883 nortiran
668 3818 936 3899 Denceswurde3
957 3826 1073 3884 nonne
1088 3806 1256 3884 eastrihte

202 3917 251 3980 el't
266 3908 304 3981 td
317 3910 525 3996 Cillanritte3
547 3915 659 3982 donne
673 3910 745 3984 dar
760 3911 825 3983 sirii
839 3909 915 3984 ’saer
932 3940 983 3983 we
1002 3907 1051 3982 der
1064 3919 1253 3998 onsengon3

200 4023 313 4080 donne
338 4017 452 4098 licga’d
475 4009 551 4082 aar
566 4017 608 4083 da
629 4011 708 4105 pred
734 4009 817 4083 hida
838 4039 884 4084 on
904 4009 975 4084 itan
993 4023 1142 4084 dordran
1160 4018 1255 4082 Den-

199 4113 373 4180 eeswurde
389 4107 578 4182 undaelede.
617 4136 621 4143 ·
