2888 4890
189 367 256 432 364
446 380 620 429 CHARTAB
642 381 989 430 Aucuosnxonlcnu.

193 542 444 623 EgoAElfheah
461 542 545 606 dux.
599 540 727 622 »14Εςο
741 540 890 605 Wulsric
907 539 1072 602 minister.
1111 539 1246 621 »14Εςο

191 641 399 724 AEtlelgeard
435 642 600 705 minister.
685 643 724 722 »14
765 640 842 722 Ego
872 638 1042 702 AElfheah
1078 640 1246 703 minister.

197 745 236 824 »14
260 743 336 825 Ego
352 741 523 826 Byrhfer'e
538 740 702 806 minister.
776 743 815 822 »14
839 739 915 821 Ego
929 738 1102 803 AElfhaere
1126 739 1246 802 minis-

192 849 256 907 ter.
332 845 371 924 »14
408 842 485 923 Ego
513 839 665 921 AElfsige
697 841 862 905 minister.
935 841 974 920 »14
1003 840 1079 922 Ego
1105 839 1245 902 AEllred

172 944 357 1006 minister.
433 945 472 1024 »14
507 940 584 1022 Ego
611 939 809 1005 AEttelwold
844 940 1009 1004 minister.
1092 941 1131 1020 »14
1169 939 1246 1021 Ego

192 1042 354 1125 Wulfgar
381 1043 547 1106 minister.
614 1039 939 1125 ›14EgoCynesige
968 1040 1137 1104 minister.
1200 1042 1241 1122 »14

193 1143 269 1225 Ego
284 1142 435 1224 AElfsige
452 1143 619 1205 minister.
694 1143 733 1222 »14
757 1141 833 1223 Ego
851 1139 977 1203 AElfric
994 1140 1159 1203 minister.

235 1241 367 1308 Rubrio.
402 1243 466 1305 Dis
483 1243 513 1305 is
528 1228 617 1305 nara
632 1231 685 1304 fif
700 1233 784 1305 hida
801 1232 868 1306 boc
885 1229 923 1304 t6
936 1238 1182 1322 Heglingaigae
1199 1247 1248 1303 aet

193 1334 402 1418 East-stoce,
439 1349 484 1408 ae
515 1330 663 1421 Eadwig
699 1343 779 1424 cing
808 1331 941 1405 bocode
975 1338 1153 1421 AEtlelsige
1191 1338 1247 1403 his

191 1448 298 1529 pegae
313 1463 358 1508 on
376 1434 438 1508 ece
453 1443 552 1525 yrsae.

612 1741 826 1807 ucxcrv.

558 1859 779 1990 slawic,
801 1892 878 1957 956.

199 2083 200 2086 =
246 2044 285 2123 »14
307 2041 514 2106 Rucnnuru
538 2041 575 2104 in
602 2049 804 2124 perpetuum
831 2039 969 2105 domino
997 2048 1115 2104 nostro
1137 2040 1244 2106 Ihesu

192 2141 342 2219 Christo,
369 2143 427 2225 qui
456 2147 582 2206 cuncta
607 2141 716 2222 patris
740 2142 884 2223 imperio
912 2160 953 2205 ac
981 2141 1110 2223 pariter
1131 2144 1246 2207 sancti

191 2245 332 2325 spiritus
348 2242 463 2324 gratia
479 2240 679 2305 uiuifioante
697 2240 868 2324 disponit!
919 2239 1141 2323 Plerumque,
1152 2243 1244 2306 sicut

191 2351 310 2406 notum
326 2350 391 2417 est,
402 2342 600 2422 contingere
615 2341 704 2406 solet
719 2361 782 2424 pro
798 2342 930 2405 incerta
942 2340 1136 2406 futurorum
1159 2348 1244 2406 tem-

191 2462 312 2524 porum
336 2441 587 2518 uicissitudine,
603 2448 641 2504 ut
657 2461 699 2504 ea
722 2461 811 2523 qnae
833 2442 928 2524 prius
951 2441 1137 2507 multarum
1160 2443 1244 2506 fide-

189 2542 274 2605 lium
292 2562 517 2624 personarum
534 2541 731 2606 testimonio
750 2541 912 2605 roborata
933 2541 1084 2618 fuerunt,
1100 2541 1243 2606 fraudu-

189 2643 300 2707 lenter
314 2663 376 2726 per
400 2643 651 2707 contumaciam
664 2650 838 2724 posterum
857 2649 892 2706 et
905 2642 1181 2706 machinamenta
1198 2643 1245 2710 si·

191 2742 390 2806 mulationis
413 2743 488 2806 sine
511 2741 583 2807 ulla
599 2741 872 2806 consideratione
890 2742 1035 2807 rationis
1053 2742 1245 2824 periculose

190 2842 410 2924 dissipentur,
434 2844 500 2906 nisi
529 2843 736 2906 auctoritate
765 2842 959 2907 litterarum
988 2850 1022 2907 et
1045 2841 1243 2907 testimonio

190 2943 472 3025 cirographorum
497 2949 657 3006 aeternae
673 2943 858 3006 memoriae
879 2943 1084 3007 inserantur.
1145 2942 1244 3023 Qua-

190 3052 332 3125 propter
357 3063 423 3125 ego
442 3042 614 3124 Eaduuig‚
630 3043 739 3124 regali
765 3042 938 3108 delibutus
965 3042 1118 3123 unguine
1145 3063 1245 3125 scep-

192 3144 389 3225 trigeraque
403 3134 528 3224 ¹gentis
543 3143 737 3223 Anglorum
766 3144 965 3208 monarchia
988 3143 1166 3206 altithroni
1191 3143 1244 3208 fa-

192 3249 295 3307 uente
323 3242 505 3307 clementia
532 3243 751 3319 sublimatus,
781 3242 940 3307 coelestis
973 3243 1071 3324 regni
1107 3243 1244 3307 inflam-

108 3394 113 3405 .
192 3352 305 3408 matus
333 3343 514 3420 desiderio,
537 3343 762 3425 omnipotenti
786 3344 926 3408 Christo
953 3343 1096 3425 eiusque
1121 3345 1244 3409 beatae

192 3452 228 3507 et
252 3444 422 3524 gloriosae
448 3443 605 3525 genitrici
628 3462 762 3526 semper
786 3444 913 3524 uirgini
931 3443 1066 3507 Mariae
1088 3446 1243 3525 gratula-

190 3543 306 3608 bundo
342 3544 443 3608 corde
482 3544 611 3626 largior
649 3551 684 3607 et
716 3543 866 3608 concedo
908 3543 1158 3625 possessionem
1191 3561 1242 3609 .x.

191 3664 390 3708 mansarum
414 3644 450 3706 in
479 3645 555 3709 loco
580 3645 639 3727 qui
666 3643 790 3708 celebri
819 3643 990 3708 uocabulo
1023 3651 1244 3725 nuncupatur

193 3744 342 3826 Gainge,
358 3763 436 3808 cum
453 3745 610 3807 omnibus
628 3745 670 3807 ad
689 3763 726 3807 se
744 3745 808 3808 rite
822 3743 1085 3827 pertinentibus
1101 3745 1244 3826 campis,

193 3845 343 3926 pascuis
374 3843 497 3926 pratis,
537 3842 647 3924 aquiS,
682 3842 953 3908 Abbandunensi
993 3845 1159 3908 coenobio
1199 3845 1242 3908 ad

191 3963 291 4006 usum
321 3944 566 4007 monachorum
607 3943 812 4023 regulariter
847 3944 931 4007 inibi
970 3943 1180 4024 degentium,
1204 3953 1244 4009 ut

192 4043 277 4107 haec
303 4044 476 4126 possessio
511 4050 676 4126 perpetuo
713 4044 786 4109 iure
822 4044 1020 4125 mancipata
1054 4044 1244 4110 subiaceat.

194 4143 308 4225 Igitur
322 4144 411 4208 hanc
436 4163 532 4207 meae
549 4143 802 4208 munificentiae
826 4144 1046 4208 donationem
1064 4146 1244 4211 aeternali·
