2888 4890
457 396 631 444 cnnnmn
654 394 1002 443 nncuosnxomcan.
1179 379 1244 444 251

189 555 346 621 strictum
362 554 461 631 sciat,
476 553 531 618 cui
551 552 711 617 Christus
728 552 845 618 claues
860 553 1020 618 coelestis
1035 554 1134 636 regni
1152 573 1245 618 com·

190 657 356 720 mendans
381 656 444 733 ait,
461 654 541 718 ‘Tu
571 672 608 717 es
624 652 763 731 Petrus,
796 662 831 719 et
859 674 964 738 super
995 655 1083 719 hanc
1111 662 1245 738 petram

191 757 379 822 aedificabo
405 755 608 821 aecclesiam
627 772 751 831 meam,
767 762 803 819 et
818 755 881 820 tibi
899 755 989 819 dabo
1006 756 1122 820 claues
1147 757 1247 838 regni

191 858 378 934 coelorum,
405 864 440 921 et
457 854 687 939 quodcunque
710 855 874 936 ligaueris
899 875 1004 939 super
1024 865 1164 934 terram,
1181 857 1247 921 erit

191 959 338 1040 ligatum
362 965 397 1022 et
422 957 458 1021 in
486 953 615 1021 coelis!
674 954 834 1037 Denique
858 954 971 1021 adhuc
996 976 1060 1042 pro
1087 955 1246 1040 ampliori

190 1059 363 1123 firmitatis
398 1063 605 1122 testamento
640 1055 837 1121 omnimodo
870 1058 1100 1140 praecipimus
1137 1064 1244 1140 atque

191 1158 434 1244 praecipiendo
450 1160 683 1233 obsecramuS,
699 1162 738 1221 ut
752 1164 891 1221 maneat
908 1158 978 1222 ista
994 1157 1137 1222 libertus
1152 1159 1246 1222 inso-

190 1261 343 1325 lubiliter
359 1261 403 1323 ab
426 1258 520 1324 omni
544 1256 713 1322 saeculari
735 1258 877 1322 seruitio
900 1277 978 1322 cum
1002 1258 1161 1323 omnibus
1183 1278 1246 1340 pel·

192 1360 373 1426 circuitum
406 1361 450 1424 ad
479 1378 517 1423 se
550 1359 616 1422 rite
648 1357 911 1442 pertinentibuS,
945 1358 1088 1442 campis,
1125 1359 1247 1442 pratis,

193 1461 344 1546 pascuis,
372 1460 482 1537 siluis,
518 1458 652 1535 riuulis,
678 1459 790 1522 tribus
820 1458 986 1540 exceptis,
1013 1458 1245 1542 expeditione,

194 1563 311 1645 pontis
339 1561 498 1644 arcisque
528 1560 797 1636 constructione,
824 1567 859 1623 et
885 1559 1052 1623 exercitu.
1113 1559 1248 1624 Idcirco

194 1683 278 1728 uero
304 1662 405 1726 huius
426 1660 622 1726 donationis
641 1660 910 1724 munificentiam
935 1666 1008 1724 tam
1030 1659 1174 1725 firmiter
1195 1668 1249 1725 at-

194 1782 263 1847 que
290 1761 510 1827 immobiliter
536 1761 757 1843 imperamus,
778 1761 860 1843 quia
884 1779 946 1843 per
971 1759 1036 1824 hoc
1062 1780 1084 1824 a
1111 1761 1250 1825 domino

194 1863 379 1929 coelestem
400 1861 650 1926 beatitudinem
675 1862 832 1944 accipere
853 1879 1044 1944 speramuS,
1061 1859 1121 1925 illo
1138 1880 1249 1926 annu·

194 1972 273 2030 ente
289 1965 346 2029 cui
362 1970 416 2028 est
430 1963 551 2040 honor,
569 1970 604 2027 et
626 1969 796 2043 potestaS,
822 1969 857 2026 et
880 1961 1060 2043 imperium
1085 1981 1147 2044 per
1169 1962 1248 2026 infi-

195 2067 270 2129 nita
285 2065 501 2130 saeculorum
523 2062 676 2127 saecula.
730 2061 863 2127 Deinde
885 2060 988 2125 huius
1011 2061 1138 2127 decreti
1165 2082 1247 2127 con·

134 2251 137 2254 Α
195 2167 347 2231 sentiens
364 2164 464 2230 testis
483 2163 550 2229 fuit
567 2161 777 2246 AEbelgarus
800 2161 1047 2249 archipraesul,
1057 2169 1092 2226 et
1111 2161 1248 2228 Oskitel
1276 2176 1279 2181 ·

196 2267 480 2351 metropolitanus
509 2264 738 2329 Eburacensis
768 2263 965 2339 aecclesiae,
988 2270 1026 2327 et
1052 2262 1249 2329 AElistanus

199 2366 450 2432 Lundoniensis
476 2366 672 2448 episcopus,
694 2372 730 2429 et
747 2363 862 2430 Aault
874 2363 1137 2428 Herefordensis
1159 2364 1252 2429 basi·

196 2467 263 2532 liae
289 2469 484 2551 episcopus,
508 2472 544 2531 et
570 2465 702 2531 AElfere
732 2465 817 2544 dux,
845 2472 880 2530 et
905 2463 1076 2530 Brihtno’a
1100 2464 1187 2544 dux,
1213 2472 1249 2529 et

199 2567 323 2634 AElfric
337 2569 457 2646 abbas,
475 2573 511 2631 et
525 2567 665 2631 AElstan
682 2567 802 2645 abbas,
818 2573 853 2631 et
867 2565 926 2629 alii
937 2565 1052 2630 multi.

588 2863 862 2930 mcxxvlll.

550 2980 862 3081 *senensem

248 3167 293 3248 »Β
314 3165 578 3230 AEonusunnus
596 3184 657 3228 rex
680 3163 870 3247 Anglorum
886 3166 942 3242 do,
959 3184 1021 3248 pro
1039 3183 1094 3228 me
1115 3171 1151 3230 et
1167 3166 1252 3229 meis

197 3266 468 3343 successoribus,
485 3253 728 3346 ”burgensibus
755 3267 841 3330 meis
878 3276 914 3331 et
946 3283 1064 3330 eorum
1093 3266 1252 3329 omnibus

197 3364 454 3433 successoribus
482 3363 745 3431 Meldultuensis
773 3367 883 3448 Burgi
909 3366 1001 3450 quod
1035 3359 1186 3431 habeant
1217 3374 1252 3431 et

197 3466 340 3534 teneant
356 3460 493 3549 semper
511 3486 630 3530 omnes
647 3466 840 3531 functiones
863 3475 898 3531 ot
921 3468 1048 3530 liberas
1066 3460 1251 3531 consuetu·

198 3570 296 3634 dines
315 3575 410 3645 suae,
438 3568 529 3632 sicut
553 3573 737 3631 tenuerunt
763 3574 918 3650 tempore
936 3566 1121 3632 Eadwardi
1142 3567 1251 3649 patris

201 3671 279 3747 mei,
296 3668 429 3733 illibate
444 3677 480 3732 et
498 3667 695 3734 honorifice.
747 3667 794 3732 Et
810 3668 984 3750 praecipio
999 3666 1156 3731 omnibus
1171 3667 1252 3730 sub·

201 3781 253 3835 ter
274 3768 419 3854 imperio
434 3788 510 3833 meo
530 3767 622 3852 quod
640 3788 709 3832 non
730 3768 858 3833 faciant
879 3769 928 3833 eis
945 3765 1119 3844 iniuriam,
1131 3773 1167 3831 et
1183 3766 1252 3831 sint

198 3871 306 3954 quieti
329 3870 460 3952 absque
484 3869 684 3951 calumpnia
710 3875 746 3932 et
766 3875 852 3934 scot.
917 3868 962 3933 Et
978 3867 1023 3931 do
1046 3874 1080 3931 et
1101 3868 1252 3932 concedo

197 3971 247 4036 eis
272 3970 371 4035 illam
398 3971 558 4033 bruenam
585 3970 716 4051 regiam
747 3970 898 4053 quinque
934 3968 1103 4053 hydarum
1140 3974 1253 4033 terrae

198 4074 299 4136 iuxta
324 4068 549 4134 uillunculam
575 4086 685 4133 meam
711 4070 755 4135 de
781 4071 953 4147 Nortona,
983 4075 1124 4153 propter
1153 4062 1253 4133 auxi·

201 4173 295 4237 lium‘
314 4191 430 4236 eorum
456 4172 493 4235 in
523 4171 684 4234 conflictu
712 4192 788 4236 meo
816 4178 938 4236 contra
962 4174 1095 4238 Danos.
1164 4168 1255 4235 Con-
