2888 4890
194 333 259 398 384
450 354 621 401 cnnnrnn
647 355 996 403 Anonosnxomcnn.

653 566 804 677 nccv.

568 734 788 838 nlnwrc,
813 760 890 826 956.

246 910 289 993 ›1‹
311 909 356 973 ΙΝ
376 910 512 973 nomine
535 910 712 974 creatricis
730 910 884 974 omnium
903 928 1019 974 rerum
1040 918 1077 975 et
1096 911 1253 977 domina-

195 1009 289 1073 tricis
307 1017 447 1074 sanctae
463 1010 628 1074 trinitatis
645 1010 892 1092 omnipotentis
911 1010 970 1092 qui
990 1011 1085 1075 solus
1108 1032 1252 1093 regnum

193 1109 406 1174 immutabile
427 1117 462 1173 et
485 1103 744 1193 incorruptibile
767 1122 873 1192 atque
891 1110 1063 1175 ineffabile
1087 1120 1254 1195 perpetua

194 1217 367 1291 potestate
398 1206 550 1291 possidet
583 1229 623 1274 ac
657 1209 829 1275 continet!
884 1208 970 1274 Ideo
994 1231 1059 1292 ego
1077 1212 1252 1294 Eaduuig,

192 1309 381 1374 industrius
400 1310 593 1391 Anglorum
619 1331 694 1387 rex,
721 1317 1007 1394 caeterarumque
1034 1313 1188 1393 gentium
1216 1313 1250 1375 in

189 1411 338 1479 circuitu
352 1411 609 1492 persistentium
627 1412 840 1492 gubernator
849 1417 884 1474 et
894 1418 1018 1488 rector,
1032 1413 1143 1492 primo
1161 1432 1253 1477 anno

193 1511 327 1593 imperii
350 1511 416 1574 mei
433 1510 648 1574 litteratoriis
665 1511 821 1593 apicibus
840 1510 962 1597 [hanc]
979 1512 1140 1575 roboraui
1158 1513 1250 1594 [car-

194 1611 341 1691 tulam];
387 1629 491 1692 quam
525 1630 604 1674 cum
637 1629 807 1676 consensu
844 1610 1057 1675 heroicorum
1097 1613 1250 1676 uirorum
1336 1670 1338 1675 ,

194 1710 319 1773 tradidi
351 1710 488 1773 cuidam
518 1710 648 1787 comiti,
678 1731 748 1774 non
780 1709 893 1774 solum
925 1711 1008 1773 mihi
1041 1731 1103 1794 per
1135 1713 1252 1777 omnia

194 1809 286 1873 fideli
300 1810 512 1874 subiectione
524 1811 788 1893 obtemperanti,
804 1811 1028 1874 uerumetiam
1042 1811 1077 1874 in
1091 1812 1250 1876 omnibus

194 1930 306 1973 meum
333 1910 423 1973 uelle
451 1911 657 1987 subiicienti,
684 1930 748 1974 ceu
778 1911 863 1974 meis
891 1911 982 1974 caris
1006 1912 1250 1993 praedecesso-

193 2011 287 2073 ribus
314 2010 577 2092 frequentatiuis
602 2011 816 2075 manifestari
844 2010 990 2088 solebat,
1010 2013 1164 2076 uocitato
1187 2033 1250 2076 no-

194 2111 285 2174 mine
297 2110 468 2186 AElfbere,
481 2111 651 2175 modicam
669 2111 817 2175 numinis
833 2112 901 2174 mei
918 2118 1063 2192 partem,
1080 2111 1113 2174 id
1129 2120 1183 2176 est
1196 2131 1248 2178 .Χ.

193 2230 331 2274 mansas
361 2212 555 2294 perenniter
582 2211 755 2293 impendo,
780 2229 885 2293 penes
913 2209 1009 2274 illum
1037 2211 1152 2275 locum
1177 2233 1249 2294 quo

193 2312 383 2374 assertione
401 2312 587 2375 multorum
618 2311 793 2374 hominum
820 2310 994 2394 profertur
1020 2311 1071 2375 ita
1098 2319 1144 2375 aet
1160 2311 1247 2376 Wil-

193 2411 456 2486 manleahtune3
484 2418 524 2479 ut
545 2419 672 2476 terram
691 2411 760 2477 iam
784 2411 988 2493 praefatam,
1010 2431 1085 2475 meo
1113 2412 1249 2478 scilicet

193 2511 313 2575 ouanti
331 2525 508 2587 concessu,
525 2512 721 2576 tramitibus
746 2529 830 2575 snae
855 2511 1032 2594 possideat
1047 2511 1161 2591 uitae3
1187 2512 1248 2576 de-

192 2610 311 2693 inceps
342 2631 490 2695 namque
522 2612 588 2675 sibi
621 2611 818 2676 succedenti
857 2611 1061 2694 cuicumque
1096 2613 1247 2680 uoluerit

194 2709 334 2774 haeredi
356 2711 584 2794 derelinquat,
601 2731 663 2776 ceu
689 2712 860 2794 praedixi,
875 2712 911 2775 in
928 2719 1102 2777 aeternam
1128 2712 1247 2776 hacre-

192 2810 349 2884 ditatem.
401 2810 547 2876 Maneat
569 2812 676 2893 igitur
691 2832 803 2876 meum
829 2812 894 2876 hoc
919 2810 1092 2875 immobile
1117 2812 1246 2878 donum

193 2919 335 2986 aeterna
350 2911 510 2976 libertate
528 2912 723 2989 iocundum,
740 2932 818 2977 cum
836 2912 994 2975 omnibns
1017 2912 1062 2975 ad
1083 2931 1121 2975 se
1138 2915 1246 2994 perti·

194 3012 367 3088 nentibuS,
389 3012 530 3094 campis
549 3013 701 3095 pascuis,
719 3013 841 3095 pratis,
862 3012 971 3088 siluiS,
986 3019 1134 3094 excepto
1152 3031 1247 3077 com.

193 3113 285 3186 muni
321 3113 450 3187 labore,
476 3112 707 3194 expeditione,
735 3113 848 3195 pontis
878 3113 1012 3177 arcisue
1040 3112 1243 3177 coaedifica-

193 3211 297 3276 tione.
335 3211 373 3276 Si
389 3214 449 3293 qui·
461 3212 616 3297 denique,
633 3212 715 3275 mibi
731 3233 798 3276 non
812 3212 958 3294 optanti,
972 3212 1060 3276 hanc
1072 3213 1245 3279 libertatis

193 3318 335 3387 cartam,
356 3312 555 3394 cupiditatis
573 3313 681 3377 liuore
699 3312 863 3395 depressi,
885 3312 1016 3375 uiolare
1038 3314 1245 3393 satagerint,

193 3432 269 3475 cum
293 3412 487 3494 agminibus
510 3420 621 3477 tetrae
644 3412 802 3493 caliginis
826 3413 927 3494 lapsi,
952 3431 1071 3476 uocem
1099 3414 1244 3478 audiant

192 3512 457 3579 examinationis
482 3513 536 3575 die
564 3513 702 3576 arbitris
726 3514 791 3576 sibi
818 3512 975 3589 dieentiS,
1001 3513 1200 3578 ‘Discedite
1222 3535 1244 3578 a

192 3633 246 3676 me
262 3613 436 3677 maledicti
462 3613 496 3674 in
519 3613 632 3692 ignem
656 3610 854 3689 aeternum,’
877 3612 936 3676 ubi
963 3632 1041 3676 cum
1068 3614 1244 3677 daemoni-

193 3714 256 3776 bus
274 3713 393 3776 ferreis
415 3713 649 3793 sartaginibus
673 3713 803 3776 erudeli
826 3720 1052 3795 torqueantur
1067 3715 1102 3776 in
1118 3734 1241 3796 poena,

191 3813 221 3875 si
247 3820 420 3876 nonanto
448 3821 591 3876 mortem
619 3812 725 3893 digna
749 3813 815 3877 hoc
840 3812 1097 3877 emendauerint
1124 3815 1243 3896 poeni-

192 3913 308 3976 tentia.
376 3912 460 3976 Istis
496 3912 651 3976 terminis
683 3913 768 3977 haec
798 3913 901 3976 tellus
935 3914 1066 3977 ambita
1093 3910 1264 3979 uidetur.'

191 4013 254 4075 Dis
276 4013 352 4076 sind
375 4012 418 4076 ba
439 4001 674 4094 landgemffira
696 4020 742 4077 aet
759 4004 1069 4077 Wilmanlehtsrne.
1120 4014 1242 4079 AErest

191 4120 236 4175 aet
255 4104 463 4186 cranmere3
490 4114 557 4177 and
576 4113 616 4176 of
625 4119 705 4178 been
722 4103 827 4178 maere
844 4113 995 4193 andlang
1009 4105 1150 4187 broces;
1172 4115 1239 4177 and
