2888 4890
192 368 258 432 280
449 381 621 432 eunnrnn
643 380 986 430 nuceosnxonroan.

195 526 266 605 dux
296 542 407 605 testis.
484 543 523 623 ›1‹
556 542 633 623 Ego
660 539 790 604 Helfrit
820 540 892 603 dux
920 541 1032 604 testis.
1111 542 1150 623 ›1‹
1173 536 1250 623 Ego

195 641 296 705 Oddo
320 641 458 706 discifer
483 641 593 705 testis.
668 643 707 722 ›1‹
735 640 811 721 Ego
827 639 996 704 Wulfheh
1024 641 1061 704 in
1082 640 1267 719 'Primfme=

193 742 302 806 testis.
359 743 400 824 ›1‹
420 742 497 824 Ego
516 741 668 825 Helpine
690 740 827 804 discifer
844 741 954 806 testis.
1011 743 1050 822 ›1‹
1074 741 1249 822 EgoAElf-

194 847 264 906 no’s
288 842 445 906 minister
467 842 576 905 testis.
643 842 682 922 ›1‹
704 840 780 922 Ego
795 840 934 905 Wulfar
954 841 1111 904 minister
1135 841 1247 905 testis·

199 944 238 1023 ›1‹
257 941 335 1023 Ego
353 941 496 1006 AElfnotf
522 940 676 1004 minister
699 940 812 1005 testis.
882 941 921 1022 '1⁴
945 940 1022 1022 Ego
1040 940 1169 1005 AElfrin
1188 941 1251 1003 mi-

193 1041 302 1104 nister
320 1041 430 1105 testis.
502 1044 541 1123 ›1‹
565 1040 641 1122 Ego
662 1040 823 1104 Beornon
847 1039 1001 1104 minister
1021 1041 1131 1106 testis
1203 1043 1244 1123 ›1‹

194 1141 271 1222 Ego
291 1141 452 1207 AEnulfus
465 1141 623 1206 minister
640 1139 748 1204 testis.
805 1142 844 1222 ›1‹
867 1139 943 1222 Ego
961 1139 1120 1205 Geordaf
1129 1140 1250 1205 AEttel-

194 1240 311 1305 march
327 1241 439 1305 testis.

614 1454 830 1521 ucxnlv.

540 1577 808 1683 renuero,
830 1605 906 1670 ora

248 1742 287 1821 ›1‹
310 1739 471 1803 Bennrls
496 1738 734 1801 uniuersorum
758 1757 844 1802 uoce
863 1757 1041 1801 monemur
1056 1740 1248 1821 praeclara,

192 1854 415 1920 procuremus
437 1839 648 1901 incessanter
662 1839 736 1902 sine
751 1838 978 1903 amaritudine
992 1840 1129 1918 mentis,
1145 1841 1248 1907 huius

192 1939 323 2003 saeculi
354 1937 550 2014 ambitione,
589 1937 726 2019 integra
762 1938 934 2015 libertate,
964 1940 1093 2022 apertis
1133 1941 1246 2006 ianuis

191 2040 319 2102 intrare
343 2038 387 2102 ad
409 2057 498 2114 eum,
515 2037 574 2121 qui
596 2057 659 2101 suo
679 2057 799 2102 cruore
814 2038 945 2103 seelera
969 2046 1089 2103 nostra
1103 2039 1247 2106 detersit

191 2139 339 2204 iniusta:
363 2138 442 2201 licet
469 2137 570 2220 primi
595 2137 825 2220 prothoplasti
852 2138 1002 2204 facinore
1030 2140 1163 2204 uiolata
1184 2142 1245 2204 im-

191 2239 309 2322 probis
338 2237 612 2302 successionibus
648 2236 889 2302 deterioranda
924 2238 1002 2303 istic
1039 2239 1245 2321 degentibus

191 2340 409 2414 uileseerent,
424 2345 540 2401 tamen
555 2337 712 2401 omnibus
733 2357 880 2420 namque
895 2339 1109 2420 sapientibus
1125 2349 1246 2406 notum

193 2460 234 2504 ac
263 2438 483 2503 manifestum
511 2442 659 2513 constat,
687 2437 778 2519 quod
802 2437 895 2502 dicta
926 2438 1043 2503 futura
1070 2436 1127 2504 uel
1153 2441 1246 2506 facta

192 2559 256 2622 pro
282 2538 463 2619 multiplici
495 2555 759 2619 aerumpnarum
789 2539 1055 2619 perturbatione,
1084 2547 1120 2603 et
1150 2543 1245 2623 cogi·

192 2638 361 2703 tationum
386 2637 573 2719 uagatione
596 2636 793 2719 frequenter
811 2656 855 2699 ex
877 2638 1041 2702 memoria
1067 2640 1244 2719 recedunt,

192 2740 258 2802 nisi
288 2739 481 2802 litterarum
516 2737 671 2820 apicibus
703 2743 736 2801 et
766 2737 943 2801 custodiae
974 2739 1110 2802 cautela
1138 2742 1244 2825 scrip

192 2847 349 2903 turarum
390 2844 619 2914 reseruentur,
650 2843 684 2900 et
713 2837 757 2900 ad
793 2838 993 2902 memoriam
1030 2840 1244 2908 reuocentur.

194 2939 329 3003 Idcirco
368 2957 435 3020 ego
465 2936 700 3013 Eadmundus,
728 2937 917 3002 industrius
950 2937 1143 3020 Anglorum
1182 2963 1245 3007 rex

191 3045 475 3119 caeterarumque
492 3038 646 3118 gentium
660 3037 696 3099 in
708 3037 853 3101 circuitu
865 3039 1130 3119 persistentium,
1139 3044 1246 3108 tercio

194 3158 284 3202 anno
305 3138 438 3220 imperii
464 3139 542 3215 mei,
557 3138 770 3201 litteratoriis
792 3138 946 3219 apicibus
961 3139 1132 3217 roboraui,
1150 3143 1243 3224 quod

193 3259 272 3302 cum
287 3257 455 3302 consensu
470 3236 682 3301 heroicorum
704 3238 855 3301 uirorum
872 3237 998 3301 tradidi
1015 3232 1149 3303 cuidam
1166 3261 1243 3308 meo

195 3338 288 3402 fideli
303 3338 469 3413 ministro,
484 3339 639 3401 uocitato
663 3339 798 3401 nomine
814 3338 1059 3419 AEnelgeardo,
1073 3341 1246 3407 modicam

194 3439 342 3501 numinis
365 3437 432 3499 mei
448 3444 593 3518 partem,
609 3437 642 3499 id
662 3443 714 3500 est
730 3452 961 3502 .vr1.'mansas
976 3437 1117 3518 agelluli
1134 3449 1243 3506 aeter-

194 3539 318 3602 naliter
333 3536 498 3601 tradendo
514 3537 677 3613 concessi,
694 3537 752 3600 ubi
767 3540 944 3602 turbarum
961 3536 1143 3603 collatione
1157 3543 1243 3606 iam·
1291 3539 1296 3545 ’

195 3640 324 3703 dudum
351 3628 475 3699 nomen
502 3636 637 3700 illatum
663 3637 728 3700 hoc
754 3638 874 3702 adesse
897 3637 1069 3719 profertur
1096 3647 1142 3705 aet
1161 3641 1242 3707 Tic·

194 3738 342 3815 oestede,
358 3743 397 3800 ut
414 3744 540 3800 terram
563 3737 633 3800 iam
655 3737 858 3819 praefatam,
874 3757 949 3800 meo
971 3737 1101 3802 scilicet
1115 3750 1244 3807 ouante

193 3856 368 3913 concessu,
393 3835 589 3900 tramitibus
618 3855 701 3899 suae
730 3838 905 3919 possideat
931 3836 1044 3917 uitae;
1083 3838 1245 3925 deinceps

193 3957 341 4020 namque
363 3937 429 4000 sibi
455 3936 650 3999 succedenti
675 3938 732 3999 cui
759 3937 909 4001 uoluerit
934 3937 1072 4001 haeredi
1099 3939 1245 4006 derelin-

193 4045 288 4120 quat,
314 4056 378 4100 ceu
398 4036 565 4120 praedixi,
588 4036 623 4099 iu
647 4043 822 4101 aeternam
848 4036 1104 4102 haereditatem.
1159 4041 1245 4106 Ideo

191 4137 390 4220 scripsimus
428 4156 553 4200 nouam
590 4135 758 4200 cartulam
792 4138 874 4219 quia
911 4138 1090 4219 antiquum
1118 4140 1244 4205 librum
