2888 4890
444 382 617 432 curares
651 374 995 428 iuonoslxomcln.
1184 353 1247 420 101

193 545 361 608 minister.
419 545 458 624 ›1‹
487 542 562 624 Ego
587 541 698 625 Gyma
721 538 884 602 minister.
941 535 981 615 ›1‹
1008 531 1084 613 Ego
1111 529 1246 594 Eadred

193 645 361 710 minister.
418 645 457 724 ›1‹
479 642 554 724 Ego
570 640 750 706 Eadmund
766 637 931 701 minister.

656 935 783 1004 MLII.

348 1084 667 1152 *AEDELUULF
691 1084 754 1148 OF
776 1086 995 1167 WESSEX,
1017 1089 1093 1155 854.

251 1239 291 1319 ᾖ
306 1237 510 1302 lucislucis
520 1236 657 1300 diuinae
671 1237 888 1302 auctoritatis
904 1240 1118 1323 agiographa
1130 1242 1246 1307 multi·

193 1336 315 1420 phario
345 1356 612 1413 commonemur,
647 1345 685 1401 ut
723 1343 860 1402 terrena
893 1341 1082 1421 praesentis
1117 1343 1244 1406 saeculi

194 1438 295 1504 lucra
317 1436 478 1519 largiflue
502 1436 626 1500 dantes
647 1437 810 1501 coelestia
836 1447 996 1504 aeternae
1024 1441 1246 1506 beatitudinis

194 1536 427 1603 emolumenta
463 1537 537 1617 iugi
572 1536 811 1620 indefessoque
845 1539 1067 1622 adquiramus
1098 1542 1243 1607 lucello!

194 1637 350 1720 Ideoque
384 1657 450 1718 ego
472 1636 640 1701 AE'delwlf
666 1636 939 1702 Occidentalium
968 1640 1145 1705 Saxonum
1171 1663 1246 1720 rex,

192 1739 364 1803 incertum
379 1737 480 1800 buius
496 1737 713 1801 transitoriae
725 1739 818 1801 uitae
826 1746 955 1802 statum
968 1741 1246 1806 mutabilitatem-

195 1858 265 1922 qne
281 1839 372 1902 neris
397 1837 579 1901 dinoscens
606 1837 754 1913 indiciis
779 1839 853 1901 uita
875 1840 1000 1903 comite
1024 1848 1126 1922 prout
1143 1861 1245 1924 posse

195 1937 329 2003 dederit
344 1938 403 2020 qui
415 1945 540 2001 cuncta
555 1937 696 2013 creauit,
713 1937 861 2001 subnixe
874 1938 1023 2004 delibero
1035 1947 1074 2004 ut
1089 1942 1245 2025 redemp-

195 2037 282 2104 toris
314 2038 423 2102 nostri
450 2037 702 2120 possessionem
737 2039 912 2101 aecclesiis
948 2039 1022 2103 iure
1051 2039 1244 2122 delegatam

196 2137 454 2220 augmentando
473 2136 703 2219 magnificem.
757 2136 979 2221 Quapropter
998 2159 1081 2202 usus
1102 2142 1245 2207 consilio

196 2238 379 2303 Ealbstani
404 2238 556 2320 episcopi
580 2244 684 2319 atque
717 2236 837 2301 altoris
863 2238 929 2300 moi
955 2238 1110 2303 Swibuni
1138 2240 1246 2305 Wen-

195 2345 299 2403 tanae
327 2337 515 2401 aecclesiae
547 2337 716 2419 praesulis
744 2338 852 2401 totius
883 2340 981 2419 regni
1007 2339 1110 2403 michi
1136 2361 1157 2404 a
1179 2343 1243 2406 deo

193 2437 312 2503 collati
338 2438 514 2502 decimans
539 2456 632 2513 rura,
649 2437 856 2520 amplifioaui
881 2439 1031 2519 spatium
1055 2440 1186 2504 telluris
1211 2443 1244 2505 in

194 2538 336 2605 Tantun
363 2537 454 2620 quod
484 2533 654 2619 Friaegyt
683 2537 803 2618 regina
822 2535 1018 2602 Wentanae
1045 2540 1244 2619 aecclesiae,

195 2639 254 2703 nbi
267 2639 419 2703 nutritus
430 2657 451 2701 a
464 2637 611 2720 pueritia
627 2636 769 2712 sueram,
784 2635 890 2701 Petro
905 2638 1087 2721 Pauloque
1098 2639 1242 2717 dicatae,

194 2738 317 2821 priscis
338 2738 480 2802 dederat
501 2737 732 2819 temporibus;
756 2746 976 2819 augmentum
998 2738 1131 2803 telluris
1152 2742 1243 2822 quod

194 2838 310 2907 addidi
334 2855 376 2901 .c.
397 2857 438 2902 ac
463 2853 615 2903 .xxx111.
638 2845 776 2901 constat
793 2840 989 2918 quantitate
1010 2842 1241 2915 manentium

194 2938 305 3013 adieci
332 2957 470 3020 quoqne
500 2957 546 3001 .x.
574 2944 754 3000 manentes
783 2937 817 2999 in
849 2937 1009 3013 Brunan;
1042 2940 1079 3002 in
1105 2942 1243 3005 nomine

194 3038 307 3102 almae
340 3037 508 3102 trinitatis
537 3042 573 3100 et
601 3036 796 3100 indiuiduae
828 3038 970 3102 unitatis
1001 3040 1175 3122 praecipio
1204 3048 1243 3105 ut

192 3157 294 3202 nemo
318 3156 554 3202 successorum
576 3156 729 3201 meorum
754 3137 905 3201 minuere
927 3147 1126 3220 praesumat
1147 3141 1238 3222 quod

192 3257 258 3320 ego
275 3237 422 3302 deuotus
434 3237 667 3318 angmentaui,
685 3255 796 3319 neque
809 3237 1009 3318 pontificum
1024 3236 1149 3319 aliquis
1163 3259 1241 3303 suc-

192 3337 328 3403 cedenti
350 3345 504 3421 tempore
519 3336 608 3401 hano
631 3342 782 3400 nostram
806 3336 1000 3418 largifluam
1023 3337 1240 3404 donationem

192 3438 345 3501 minnere
377 3437 433 3500 uel
461 3436 664 3519 propinquis
698 3435 1000 3519 saecularibusque
1031 3456 1094 3520 pro
1124 3438 1241 3521 aliquo

192 3538 437 3618 cuiuscumque
472 3535 576 3619 pretii
602 3554 744 3599 munere
773 3535 830 3598 uel
867 3537 1020 3619 qualibet
1062 3538 1241 3602 occasione

191 3636 395 3702 temerarius
421 3637 504 3701 dare
527 3635 584 3699 uel
610 3635 869 3699 accommodare
897 3643 1103 3717 praesumat.
1149 3637 1241 3702 Acta

193 3743 248 3801 est
272 3737 375 3801 huius
390 3743 504 3800 terrae
519 3735 660 3799 libertas
678 3755 768 3799 anno
786 3735 975 3799 dominicae
994 3736 1240 3801 incarnationis

193 3853 305 3902 mccc.
318 3842 354 3900 et
370 3852 474 3900 mun.
484 3834 713 3899 indictione.1.
723 3836 855 3917 pascali
865 3835 1120 3917 sollempnitate
1134 3837 1240 3900 nobili

191 3936 323 4020 palatio
348 3934 384 3998 in
401 3935 568 4001 Wiltune.
621 3932 691 4012 Qui
718 3941 833 3998 autem
858 3934 922 3998 boc
940 3940 1095 3998 nostrum
1113 3933 1240 4000 donum

191 4055 319 4118 augere
344 4034 504 4111 uoluerit,
526 4041 655 4115 augeat
678 4034 835 4098 dominus
858 4035 931 4097 eius
953 4033 1237 4116 prosperitatem

191 4137 251 4219 qui
260 4134 413 4199 minnere
422 4134 703 4217 praesumpserit,
714 4155 774 4217 per
786 4133 1026 4198 auctoritatem
1040 4135 1132 4198 beati
1144 4133 1240 4199 Petri
