2888 4890
459 387 634 436 enarras
660 387 1003 441 succosuxomcna
1219 373 1261 438 51

248 542 324 624 Ego
342 543 565 608 AE’Selbertus
582 564 644 607 rex
663 545 751 608 hanc
774 545 995 609 donationem
1012 564 1089 608 curn
1117 547 1257 628 propria

199 661 305 705 manu
330 644 452 726 scripsi
480 646 535 725 ᾖ.
588 644 666 725 Ego
691 644 857 708 Seffridus
887 647 1069 727 episcopus
1099 646 1257 710 consensi

199 748 234 804 et
267 743 453 826 subscripsi
475 746 531 826 ᾖ.
600 743 676 825 Ego
702 743 878 827 Wyghere
918 746 1075 809 consensi
1109 754 1144 809 et
1175 747 1256 808 sub-

198 841 320 922 scripsi
353 845 408 925 ffl.
484 843 561 925 Ego
585 843 703 907 Bcoba
737 845 895 908 consensi
926 852 961 909 et
989 845 1174 927 subscripsi
1199 847 1254 926 ᾖ.

198 940 402 1026 EgoWyga
419 943 575 1008 consensi
592 950 627 1006 et
641 945 828 1026 subscripsi
851 947 905 1027 ᾖ.
959 945 1005 1009 Et
1021 965 1086 1026 ego
1104 945 1255 1009 Diozsan

197 1040 392 1106 donationis
414 1041 516 1106 huius
539 1050 676 1121 terram,
700 1064 804 1126 quam
829 1045 913 1108 mihi
938 1045 1160 1110 AEttelbertus
1190 1064 1254 1108 rex

197 1142 375 1218 concessit,
406 1143 443 1206 in
477 1143 636 1207 libertate
665 1144 750 1207 iuris
777 1144 844 1208 mei
876 1145 1117 1209 dilectissimae
1145 1145 1254 1209 sorori

197 1260 294 1304 meae
318 1241 454 1306 donabo
483 1244 588 1306 etiam
622 1262 700 1307 curn
732 1263 901 1307 consensu
929 1244 1120 1313 AEttelberti
1151 1245 1252 1327 regis,

197 1359 329 1406 necnon
357 1362 435 1406 cnm
460 1362 629 1407 consensu
655 1343 842 1407 uenerandi
871 1344 1022 1426 episcopi
1045 1343 1191 1420 Seffridi,
1214 1352 1254 1408 ut

196 1440 232 1502 in
249 1449 421 1522 potestate
437 1444 510 1507 eius
527 1444 573 1508 sit
588 1451 669 1524 post
685 1444 817 1508 obitum
834 1463 946 1506 meum
961 1442 1108 1507 habendi
1124 1444 1253 1507 donan-

196 1540 299 1624 dique
330 1543 521 1626 cuicunque
553 1543 703 1608 uoluerit
733 1546 788 1625 ᾖ.
850 1544 927 1624 Ego
959 1543 1038 1607 offa
1068 1562 1131 1606 rex
1163 1542 1253 1606 hanc

195 1639 412 1706 donationem
430 1663 535 1708 manu
551 1644 691 1727 propria
708 1643 808 1725 signo
825 1650 861 1706 et
878 1644 1042 1708 confirmo
1065 1646 1118 1725 »lo
1174 1643 1251 1725 Ego

196 1737 411 1806 Osenedredl
430 1745 549 1826 regina
566 1743 725 1808 consensi
742 1752 777 1807 et
793 1743 980 1825 subscripsi
1003 1746 1058 1825 ᾖ.

245 1839 348 1908 Tunc⁴
361 1851 553 1925 sequuntur
569 1844 696 1908 limites
713 1844 749 1906 in
766 1844 887 1923 lingua
907 1844 1079 1908 Saxonica
1095 1843 1130 1906 in
1149 1842 1252 1907 dorso

196 1948 312 2005 cartae
330 1942 532 2025 originalis.²

665 2110 786 2121 nnn-n.-

668 2240 784 2306 ΜΧΙ.

396 2385 746 2453 *AEDELBERHT
770 2387 834 2451 OF
857 2386 1055 2451 SUSSEX.

249 2537 288 2617 ›1‹
315 2537 360 2600 Iu
386 2538 523 2601 nomine
549 2537 604 2600 dei
631 2537 780 2600 summi!
820 2536 897 2617 Ego
916 2533 1158 2598 AEbelberhtus
1186 2554 1249 2598 rex

195 2634 617 2712 Australium-Saxonum
634 2637 772 2701 domino
790 2642 955 2716 regnante
978 2634 1013 2697 in
1032 2641 1248 2716 perpetuum,

192 2736 345 2820 aliquam
371 2744 503 2820 partem
527 2744 639 2799 terrae
664 2737 749 2799 iuris
778 2735 846 2798 mei
877 2733 1064 2798 uenerabili
1087 2734 1248 2815 episcopo

193 2836 367 2901 Uuilfrido
395 2836 531 2902 donabo
565 2856 628 2918 pro
657 2835 806 2899 remedio
837 2834 971 2898 animae
997 2852 1104 2910 meae,
1132 2833 1167 2896 id
1197 2840 1248 2897 est

191 2935 369 3001 dimidium
411 2937 631 3001 tributarium
667 2936 703 2998 in
744 2942 843 3016 parte
883 2934 1026 2998 australi
1060 2932 1248 2997 Cicestriae

191 3035 291 3101 iuxta
308 3055 414 3114 mare,
433 3055 509 3099 cum
532 3036 690 3099 omnibus
709 3034 752 3098 ad
771 3055 808 3098 se
825 3034 1087 3116 pertinentibus,
1105 3032 1246 3114 campiS,

191 3137 312 3217 pratis,
337 3136 554 3214 fluminibus3
589 3134 732 3198 firmiter
762 3141 797 3198 et
822 3133 1080 3198 immutabiliter
1113 3151 1247 3214 perma-

190 3242 280 3311 neat,
300 3244 338 3300 ut
355 3236 469 3299 nullus
485 3242 565 3319 post
580 3234 712 3300 obitum
729 3254 842 3297 meum
859 3239 993 3295 mutare
1017 3239 1078 3295 aut
1094 3232 1247 3295 minuere

190 3343 397 3417 praesumat.

245 3436 284 3516 »Β
305 3435 381 3517 Ego
401 3433 647 3498 AEttelberhtus
674 3454 735 3497 rex
752 3433 841 3497 hanc
866 3431 1084 3495 donationem
1107 3431 1247 3512 propria

189 3552 294 3599 manu
322 3533 449 3599 confixi
477 3540 512 3597 et
535 3532 734 3614 subscripsi.
806 3536 844 3615 ›1‹
867 3532 944 3615 Ego
960 3530 1152 3595 Unilsridus
1176 3531 1246 3613 cpi·

189 3653 315 3717 scopus
331 3635 488 3698 consensi
506 3641 541 3696 et
556 3632 753 3714 subscripsi.

287 3824 295 3853 ¹
312 3827 355 3876 Sic
367 3827 435 3890 MS„
446 3826 569 3890 probably
581 3826 619 3875 sor
629 3820 781 3893 cynedryd.
1002 3821 1012 3850 ²
1028 3822 1070 3871 Sic
1084 3820 1140 3870 MS.
