2888 4890
190 331 256 396 210
450 343 623 392 cunnrsn
646 343 997 392 nnenosnxorucrn.

198 501 354 568 minister
384 502 543 566 consensi
582 508 618 566 et
657 501 857 584 subscripsi.
936 501 976 583 »14
1011 499 1089 582 Ego
1116 496 1256 564 AElferii

200 602 356 669 minister
387 601 545 666 consensi
570 608 606 666 et
631 601 831 684 subscripsi.
903 601 943 683 »14
971 600 1049 681 Ego
1082 599 1255 665 AElfhelm

203 702 359 766 minister
385 701 542 766 consensi
566 709 602 766 et
627 702 825 784 subscripsi.
892 702 931 782 »14
954 699 1030 783 Ego
1057 700 1256 767 AEbelbriht

204 802 360 866 minister
397 801 555 868 consensi
590 808 626 865 et
661 802 860 883 subscripsi.
920 802 959 882 »14
990 800 1066 882 Ego
1101 800 1256 864 AElfstnn

206 902 363 966 minister
391 900 548 966 consensi
578 908 613 965 et
641 902 839 983 subscripsi.
911 903 950 980 »14
984 901 1061 983 Ego
1091 900 1256 964 AElfweld

206 1000 363 1066 minister
389 1001 546 1066 consensi
569 1008 605 1065 et
632 1001 831 1083 subscripsi.
895 1001 934 1081 »14
956 999 1033 1081 Ego
1062 999 1256 1064 AEiielwald

206 1102 362 1166 minister
396 1103 554 1166 consensi
582 1109 617 1165 et
647 1101 844 1184 subscripsi.
924 1103 963 1182 »14
989 1100 1065 1183 Ego
1096 1100 1262 1164 Biornulf

208 1203 363 1265 minister
383 1202 541 1267 consensi
564 1209 599 1265 et
617 1201 815 1284 subscripsi.
871 1203 910 1282 »14
931 1201 1007 1282 Ego
1030 1200 1183 1264 AElfstan
1200 1199 1261 1263 mi·

207 1303 316 1366 nister
330 1302 488 1366 consensi
503 1307 538 1364 et
554 1301 750 1384 subscripsi.
806 1301 846 1383 »14
867 1301 944 1384 Ego
963 1300 1086 1364 AElfric
1102 1301 1261 1364 minister

207 1402 362 1465 consensi
394 1409 430 1466 et
461 1401 660 1483 subscripsi.
732 1403 771 1482 »14
802 1400 879 1483 Ego
909 1400 1072 1482 Wulfgnr
1102 1401 1260 1464 minister

209 1502 365 1565 consensi
386 1509 421 1565 et
441 1501 640 1583 subscripsi.
712 1503 751 1583 »14
782 1501 860 1582 Ego
892 1500 1061 1567 Wnlfnob
1102 1501 1260 1565 minister

209 1601 366 1665 consensi
398 1609 433 1665 et
466 1601 665 1682 subscripsi.
753 1604 792 1684 »14
820 1601 896 1684 Ego
913 1600 1086 1665 Wnlfmer
1101 1602 1260 1665 minister

209 1701 367 1765 consensi
396 1709 431 1765 et
461 1701 660 1784 subscripsi.
718 1702 757 1782 »14
786 1701 862 1784 Ego
889 1699 1073 1766 Wulfbold
1103 1701 1260 1765 minister

208 1801 365 1864 consensi
389 1807 425 1864 et
444 1801 644 1883 subscripsi.
701 1803 740 1882 »14
761 1800 837 1882 Ego
856 1798 980 1864 AElfric
1003 1801 1158 1865 minister
1178 1819 1258 1866 con·

209 1902 301 1964 sensi
318 1907 353 1964 et
366 1900 564 1982 subscripsi.
614 1902 653 1982 »14
674 1900 751 1981 Ego
763 1900 913 1965 Wulfric
930 1900 1085 1967 minister
1101 1901 1260 1965 consensi

209 2008 244 2064 et
269 2001 468 2084 subscripsi.
525 2002 564 2081 »14
584 2000 660 2080 Ego
686 1999 851 2064 Ceolstan
871 2000 1026 2065 minister
1044 2001 1204 2065 consensi
1226 2007 1261 2064 et

209 2101 406 2182 subscripsi.
451 2103 490 2182 »14
511 2099 588 2181 Ego
599 2099 751 2165 Wulflaf
764 2101 920 2166 minister
941 2103 1100 2166 consensi
1120 2111 1157 2166 et
1178 2102 1259 2165 sub·

210 2201 341 2282 scripsi.
394 2203 433 2282 »14
445 2199 521 2281 Ego
528 2200 671 2266 AEifnob
689 2201 846 2265 minister
861 2202 1019 2266 consensi
1035 2209 1071 2266 et
1087 2202 1262 2285 subscrip·

210 2301 251 2365 si.
301 2302 340 2381 »14
355 2300 431 2381 Ego
447 2300 655 2364 AEtielmund
670 2300 826 2365 minister
841 2302 999 2366 consensi
1013 2309 1048 2367 et
1061 2303 1260 2386 subscripsi.

216 2400 352 2483 »14Εςο
379 2400 505 2464 Eadric
535 2401 689 2465 minister
711 2401 868 2466 consensi
896 2409 931 2466 et
959 2403 1159 2486 subscripsi.
1183 2447 1186 2451 -
1216 2405 1255 2486 »14

212 2502 289 2582 Ego
303 2501 481 2582 AEbelsige
495 2501 650 2565 minister
662 2503 821 2566 consensi
834 2509 869 2566 et
881 2504 1078 2587 subscripsi.
1129 2504 1169 2586 »14
1185 2503 1261 2584 Ego

213 2600 373 2683 Wigfer’o
387 2601 543 2664 minister
556 2603 713 2679 consensi
725 2610 760 2666 et
773 2603 971 2686 subscripsi.
1013 2606 1052 2687 »14
1064 2604 1263 2686 EgoAEiiei-

211 2700 282 2764 ferti
298 2701 454 2765 minister
469 2701 627 2766 consensi
644 2710 680 2768 et
691 2702 892 2786 subscripsi.
937 2705 976 2786 »14
995 2705 1072 2786 Ego
1090 2703 1262 2768 AEbelferb

213 2803 370 2865 minister
382 2802 542 2865 consensi
555 2810 589 2866 et
603 2802 802 2885 subscripsi.
845 2806 884 2886 »14
896 2803 974 2886 Ego
991 2804 1131 2869 Hnnlei
1140 2805 1261 2869 minis-

212 2908 265 2965 ter
281 2901 440 2966 consensi
456 2909 491 2965 et
509 2903 709 2986 subscripsi.
764 2906 803 2986 »14
826 2903 902 2986 Ego
918 2904 1091 2987 Wulfsige
1106 2906 1265 2972 minister

212 3003 370 3066 consensi
385 3009 419 3065 et
432 3002 629 3085 subscripsi.
679 3006 718 3086 »14
734 3003 811 3086 Ego
827 3004 994 3068 AElfbelm
1010 3006 1165 3071 minister
1181 3026 1263 3072 con-

215 3101 305 3165 sensi
321 3109 356 3166 et
368 3100 565 3184 subscripsi.
605 3106 644 3185 »14
657 3103 733 3185 Ego
747 3104 916 3170 Eelhsten
932 3106 1087 3171 minister
1101 3108 1262 3172 consensi

214 3209 249 3265 et
265 3201 464 3284 subscripsi.
520 3205 559 3285 »14
581 3203 861 3284 Egowulshelm
881 3207 1035 3271 minister
1051 3209 1210 3272 consensi
1228 3215 1264 3273 et

213 3302 412 3384 subscripsi.
469 3304 508 3383 »14
528 3301 604 3384 Ego
622 3302 759 3387 Coyreb
781 3306 938 3369 minister
953 3308 1112 3372 consensi
1128 3315 1165 3372 et
1181 3309 1264 3373 sub·

215 3402 347 3484 scripsi.
388 3402 514 3483 »pugo
522 3401 697 3468 Cubberbt
709 3405 865 3469 minister
876 3408 1034 3471 consensi
1047 3415 1082 3472 et
1092 3409 1265 3492 subscrip-

214 3501 256 3566 si.
314 3504 353 3583 »14
376 3503 451 3583 Ego
468 3503 647 3569 AEitelserb
663 3505 818 3568 minister
838 3508 995 3571 consensi
1012 3515 1047 3572 et
1061 3510 1264 3594 subscr-ipsi.

221 3605 260 3685 »14
284 3602 360 3684 Ego
390 3601 510 3684 Oswig
534 3603 688 3668 minister
713 3607 870 3670 consensi
897 3614 934 3670 et
960 3608 1163 3694 subscripsi.
1221 3614 1260 3693 »14

216 3702 293 3784 Ego
308 3702 463 3766 AE'oelric
479 3703 634 3768 minister
651 3706 808 3769 consensi
826 3713 861 3769 et
878 3707 1076 3790 subscripsi.

265 3801 395 3866 Bebrio.
447 3801 514 3867 Dis
534 3804 564 3865 is
589 3791 676 3868 birra
702 3822 780 3870 .xl1.
808 3796 894 3871 hida
916 3798 994 3885 boc,
1016 3814 1061 3874 tie
1077 3810 1267 3878 AEbaelstsn

216 3905 296 4015 cing
316 3890 492 4065 gfebocode
515 3902 742 3970 AEiieiwardee
765 3906 819 3970 his
841 3911 960 3994 baegne
989 3917 1036 3974 aet
1057 3903 1198 3979 Metinse
1222 3932 1268 3979 on

216 4021 276 4067 ece
293 4023 335 4085 yr
349 4022 389 4066 ae.
