2888 4890
445 363 618 414 curares
639 366 985 419 nnenosnxomcnn.
1179 357 1246 422 317

616 546 819 614 MGLXII.

560 666 777 776 rinnau,
803 699 880 764 948.

251 825 289 905 ›1‹
321 821 528 886 Recursus
552 820 791 904 inperpetuum
820 822 960 887 domino
991 834 1110 890 nostro
1136 827 1242 894 Ihcsu

192 919 351 987 Christo!
405 921 633 1003 Omnipotens
660 921 772 986 factor
795 929 901 1005 atque
931 926 1139 990 monarchus
1174 928 1242 992 dis-

191 1029 367 1102 pensator,
374 1021 410 1083 in
427 1039 491 1084 sna
508 1021 609 1084 unica
626 1020 854 1102 praescientia
871 1042 1108 1106 quaecumque
1125 1026 1244 1092 abdita

194 1128 254 1184 aut
276 1140 314 1184 se
336 1120 553 1184 ostendentia
578 1121 647 1184 sint
667 1121 883 1185 inscrutabili
906 1130 1012 1204 atque
1033 1124 1243 1206 intelligibili

192 1219 449 1302 dispensatione
479 1219 649 1302 disposuit
688 1239 729 1283 ac
759 1221 950 1302 gubernat!
1021 1221 1245 1307 Quapropter

193 1339 258 1401 ego
277 1318 468 1395 Eadredus,
489 1339 550 1382 rex
573 1316 768 1401 Anglorum
788 1329 1071 1404 caeterarumque
1087 1326 1242 1404 gentium

192 1419 229 1482 in
258 1419 405 1482 circuitu
432 1419 689 1502 persistentium
716 1419 927 1500 gubernator
953 1428 988 1484 et
1016 1428 1141 1499 rector,
1164 1423 1243 1488 dedi

194 1518 329 1582 cuidam
361 1537 438 1581 meo
473 1519 643 1596 ministro,
680 1519 835 1583 uocitato
876 1520 1011 1583 nomine
1042 1521 1242 1603 Fryberico,

195 1619 300 1683 .1111⁰¹.
331 1636 471 1681 mansas
508 1619 544 1680 in
579 1618 640 1681 illo
667 1617 744 1680 loco
770 1618 830 1681 ubi
852 1617 1049 1682 iamdudum
1074 1621 1244 1687 ruricolae

192 1717 284 1782 illius
314 1718 463 1798 regionis
495 1736 619 1780 nomen
653 1715 879 1798 inposuerunt
910 1726 957 1782 aet
986 1719 1176 1798 Ofaertune,
1203 1730 1243 1787 nt

191 1824 319 1881 terram
340 1817 409 1880 iam
435 1817 638 1900 praefatam,
654 1836 730 1880 meo
753 1816 885 1881 scilicet
913 1826 1041 1882 ouante
1062 1839 1239 1894 concessu,

192 1917 387 1981 tramitibus
420 1936 503 1981 suae
538 1915 713 1999 possideat
745 1916 862 1995 uitae3
897 1916 1058 1999 deinceps
1095 1939 1242 2003 namque

191 2017 257 2080 sibi
279 2016 476 2080 succedenti
504 2016 559 2079 cui
588 2016 736 2079 uoluerit
761 2015 900 2079 haeredi
928 2016 1155 2100 derelinquat,
1179 2041 1242 2085 ceu

191 2116 349 2199 praedixi
386 2115 449 2193 illi,
487 2116 524 2179 in
562 2123 736 2180 aeternam
773 2115 1029 2180 haereditatem.
1098 2116 1243 2185 Maneat

192 2217 300 2297 igitur
326 2235 438 2280 meurn
466 2214 532 2278 hoc
560 2214 733 2279 immobile
761 2216 887 2279 donum
917 2226 1058 2280 aeterna
1082 2217 1241 2284 libertate

190 2308 389 2392 iocundum,
414 2335 491 2379 cum
519 2315 675 2378 omnibus
699 2335 787 2398 quae
812 2316 983 2398 pertinent
1008 2318 1086 2394 sibi,
1110 2319 1182 2381 tam
1206 2320 1242 2383 in

194 2415 328 2497 magnis
363 2435 463 2498 quarn
499 2414 535 2476 in
573 2415 716 2478 modicis
754 2416 867 2492 rebuS,
905 2416 1047 2497 campis,
1088 2420 1241 2498 pascuis,

191 2516 313 2599 pratis,
339 2514 449 2591 siluis,
473 2520 620 2596 excepto
651 2515 823 2578 communi
851 2515 981 2593 labore,
1010 2517 1240 2598 expeditione,

192 2617 308 2698 pontis
349 2615 483 2678 arcisue
521 2615 786 2678 constructione.
849 2615 886 2678 Si
919 2616 978 2697 qni
1010 2635 1103 2692 uero,
1137 2627 1241 2699 prout

194 2735 262 2778 non
300 2721 474 2796 optamus,
514 2714 710 2796 serpentino
749 2714 981 2795 suggestionis
1019 2715 1241 2782 daemonicae

193 2815 311 2878 toxico
337 2813 458 2891 inflati,
476 2812 577 2877 huius
596 2813 744 2877 tramitis
764 2814 887 2876 seriem
903 2815 939 2876 in
957 2813 1072 2895 aliquo
1091 2823 1239 2898 tempta-

194 2914 308 2978 uerint
323 2912 474 2988 foedare,
489 2914 649 2976 nouerint
667 2932 704 2976 se
718 2932 794 2976 cum
806 2910 910 2976 Anna
930 2922 964 2977 et
983 2913 1118 2978 Zafirra
1134 2917 1239 2980 satel-

192 3014 379 3096 litibusque
401 3013 560 3077 herebica
583 3013 712 3077 aeterni
735 3012 965 3076 anathematis
997 3033 1133 3078 macera
1161 3036 1239 3097 per-

146 3149 151 3154 -
192 3112 366 3189 forandoS,
384 3114 448 3176 nisi
473 3113 567 3196 prius
584 3112 688 3194 digna
703 3112 939 3176 satisfactione
964 3114 1144 3177 emendare
1167 3135 1240 3179 ma·

191 3213 329 3278 luerint.
381 3213 465 3277 Istis
492 3213 645 3276 terminis
668 3212 844 3295 praedicta
872 3221 965 3276 terra
987 3213 1240 3297 circumgyrata

192 3333 268 3377 esse
294 3312 441 3376 uidetur.
495 3313 558 3375 Dis
582 3320 663 3395 synt
687 3318 734 3376 ba
755 3303 978 3394 landgemero
1001 3303 1039 3376 tf)
1057 3307 1237 3380 Ofertfine.

193 3413 314 3477 AErest
336 3413 489 3494 andlang
504 3412 638 3476 Wusan
660 3418 705 3476 od
730 3416 777 3476 ’da
802 3403 878 3476 ride
904 3413 986 3476 inon
1007 3417 1097 3477 ’done
1115 3415 1237 3495 wuda;

191 3515 340 3598 bweores
357 3512 431 3575 ofer
444 3519 535 3576 tione
552 3512 653 3575 wuda
671 3532 715 3575 on
738 3514 784 3574 ’da
803 3502 920 3589 straet3
944 3512 1096 3595 andlang
1120 3505 1240 3579 straete

191 3612 264 3678 ofer
284 3610 371 3675 bone
397 3604 501 3689 brom
538 3616 654 3675 bonon
681 3632 726 3675 on
748 3615 795 3674 ba
820 3602 896 3689 dic;
931 3612 1082 3692 andlang
1109 3603 1166 3675 dic
1193 3621 1239 3678 ott

190 3719 253 3778 bes
272 3703 367 3776 dices
381 3698 526 3790 hefifod3
551 3710 617 3774 and
631 3716 746 3776 donne
772 3710 819 3774 est
840 3730 885 3774 on
899 3713 946 3772 ba
967 3700 1019 3775 ea.
1071 3708 1163 3776 Acta
1186 3723 1239 3779 est

190 3813 276 3877 baec
304 3810 460 3894 praefata
485 3809 627 3874 donatio
651 3831 741 3874 anno
769 3811 813 3873 ab
842 3810 1081 3873 incarnatione
1110 3811 1239 3877 domini

188 3913 299 3976 nostri
316 3910 421 3975 Ihesu
440 3908 570 3974 Christi
589 3925 855 3973 neocormvrrr.
878 3908 1064 3974 indictione
1080 3927 1137 3976 ‚v1.

245 4015 284 4094 ›1‹
305 4011 381 4092 Ego
404 4010 582 4075 Eadredus
606 4029 667 4073 rex
694 4005 890 4088 Anglorum
916 4009 1107 4090 praefatam
1132 4011 1240 4075 dona-

189 4113 318 4177 tionem
349 4112 414 4175 sub
445 4110 560 4192 sigillo
589 4116 730 4173 sanctae
760 4108 922 4190 crufflcis
951 4108 1240 4175 indeclinabiliter
