<?xml version="1.0" encoding="UTF-8"?>
<!DOCTYPE html PUBLIC "-//W3C//DTD XHTML 1.0 Transitional//EN"
    "http://www.w3.org/TR/xhtml1/DTD/xhtml1-transitional.dtd">
<html xmlns="http://www.w3.org/1999/xhtml" xml:lang="en" lang="en">
 <head>
  <title>
</title>
<meta http-equiv="Content-Type" content="text/html;charset=utf-8" />
  <meta name='ocr-system' content='tesseract 3.04.00' />
  <meta name='ocr-capabilities' content='ocr_page ocr_carea ocr_par ocr_line ocrx_word'/>
</head>
<body>
  <div class='ocr_page' id='page_1' title='image "./codexdiplomatic02kembgoog_0141.png"; bbox 0 0 2888 4890; ppageno 0'>
   <div class='ocr_carea' id='block_1_1' title="bbox 190 350 994 416">
    <p class='ocr_par' dir='ltr' id='par_1_1' title="bbox 190 350 994 416">
     <span class='ocr_line' id='line_1_1' title="bbox 190 350 994 416; baseline 0 -2"><span class='ocrx_word' id='word_1_1' title='bbox 190 350 255 416; x_wconf 89' lang='grc'><strong>116</strong></span> <span class='ocrx_word' id='word_1_2' title='bbox 452 365 626 416; x_wconf 74' lang='lat' dir='ltr'><strong>cnnarnn</strong></span> <span class='ocrx_word' id='word_1_3' title='bbox 649 367 994 416; x_wconf 74' lang='lat' dir='ltr'><strong>Anonosnxomcnn.</strong></span> 
     </span>
    </p>
   </div>
   <div class='ocr_carea' id='block_1_2' title="bbox 195 523 1250 1115">
    <p class='ocr_par' dir='ltr' id='par_1_2' title="bbox 195 523 1250 1115">
     <span class='ocr_line' id='line_1_2' title="bbox 195 523 1247 607; baseline 0.001 -21"><span class='ocrx_word' id='word_1_4' title='bbox 195 523 415 587; x_wconf 82' lang='lat' dir='ltr'><strong>donationem</strong></span> <span class='ocrx_word' id='word_1_5' title='bbox 444 543 571 606; x_wconf 84' lang='lat' dir='ltr'><strong>augere</strong></span> <span class='ocrx_word' id='word_1_6' title='bbox 601 525 657 589; x_wconf 91' lang='lat' dir='ltr'><strong>uel</strong></span> <span class='ocrx_word' id='word_1_7' title='bbox 687 524 896 607; x_wconf 90' lang='lat' dir='ltr'><strong>amplificare</strong></span> <span class='ocrx_word' id='word_1_8' title='bbox 926 524 1087 601; x_wconf 88' lang='lat' dir='ltr'><strong>uoluerit,</strong></span> <span class='ocrx_word' id='word_1_9' title='bbox 1117 532 1247 605; x_wconf 85' lang='lat' dir='ltr'><strong>augeat</strong></span> 
     </span>
     <span class='ocr_line' id='line_1_3' title="bbox 196 624 1247 708; baseline -0.001 -21"><span class='ocrx_word' id='word_1_10' title='bbox 196 624 413 706; x_wconf 87' lang='lat' dir='ltr'><strong>omnipotens</strong></span> <span class='ocrx_word' id='word_1_11' title='bbox 438 625 521 689; x_wconf 90' lang='lat' dir='ltr'><strong>deus</strong></span> <span class='ocrx_word' id='word_1_12' title='bbox 547 625 619 688; x_wconf 89' lang='lat' dir='ltr'><strong>dies</strong></span> <span class='ocrx_word' id='word_1_13' title='bbox 644 626 718 690; x_wconf 89' lang='lat' dir='ltr'><strong>eius</strong></span> <span class='ocrx_word' id='word_1_14' title='bbox 744 644 940 708; x_wconf 88' lang='lat' dir='ltr'><strong>prosperos.</strong></span> <span class='ocrx_word' id='word_1_15' title='bbox 992 625 1029 688; x_wconf 84' lang='lat' dir='ltr'><strong>si</strong></span> <span class='ocrx_word' id='word_1_16' title='bbox 1057 644 1142 689; x_wconf 94' lang='lat' dir='ltr'><strong>uero</strong></span> <span class='ocrx_word' id='word_1_17' title='bbox 1170 626 1247 707; x_wconf 90' lang='lat' dir='ltr'><strong>quis</strong></span> 
     </span>
     <span class='ocr_line' id='line_1_4' title="bbox 198 723 1248 808; baseline 0.001 -22"><span class='ocrx_word' id='word_1_18' title='bbox 198 723 383 805; x_wconf 84' lang='lat' dir='ltr'><strong>infringere</strong></span> <span class='ocrx_word' id='word_1_19' title='bbox 412 725 468 787; x_wconf 90' lang='lat' dir='ltr'><strong>uel</strong></span> <span class='ocrx_word' id='word_1_20' title='bbox 496 731 630 788; x_wconf 88' lang='lat' dir='ltr'><strong>mutare</strong></span> <span class='ocrx_word' id='word_1_21' title='bbox 658 725 939 808; x_wconf 83' lang='lat' dir='ltr'><strong>praesumpserit,</strong></span> <span class='ocrx_word' id='word_1_22' title='bbox 962 731 1084 788; x_wconf 90' lang='lat' dir='ltr'><strong>noscat</strong></span> <span class='ocrx_word' id='word_1_23' title='bbox 1105 744 1145 789; x_wconf 90' lang='lat' dir='ltr'><strong>se</strong></span> <span class='ocrx_word' id='word_1_24' title='bbox 1166 731 1248 788; x_wconf 90' lang='lat' dir='ltr'><strong>ante</strong></span> 
     </span>
     <span class='ocr_line' id='line_1_5' title="bbox 198 822 1247 906; baseline 0 -19"><span class='ocrx_word' id='word_1_25' title='bbox 198 824 349 887; x_wconf 92' lang='lat' dir='ltr'><strong>tribunal</strong></span> <span class='ocrx_word' id='word_1_26' title='bbox 361 822 490 888; x_wconf 86' lang='lat' dir='ltr'><strong>Christi</strong></span> <span class='ocrx_word' id='word_1_27' title='bbox 514 825 724 889; x_wconf 88' lang='lat' dir='ltr'><strong>redditurum</strong></span> <span class='ocrx_word' id='word_1_28' title='bbox 741 826 923 903; x_wconf 90' lang='lat' dir='ltr'><strong>rationem,</strong></span> <span class='ocrx_word' id='word_1_29' title='bbox 938 825 1005 889; x_wconf 90' lang='lat' dir='ltr'><strong>nisi</strong></span> <span class='ocrx_word' id='word_1_30' title='bbox 1023 825 1119 906; x_wconf 89' lang='lat' dir='ltr'><strong>prins</strong></span> <span class='ocrx_word' id='word_1_31' title='bbox 1144 825 1247 889; x_wconf 88' lang='lat' dir='ltr'><strong>satis-</strong></span> 
     </span>
     <span class='ocr_line' id='line_1_6' title="bbox 197 923 1250 1008; baseline 0.001 -23"><span class='ocrx_word' id='word_1_32' title='bbox 197 924 345 987; x_wconf 81' lang='lat' dir='ltr'><strong>factione</strong></span> <span class='ocrx_word' id='word_1_33' title='bbox 362 925 606 988; x_wconf 90' lang='lat' dir='ltr'><strong>emendauerit.</strong></span> <span class='ocrx_word' id='word_1_34' title='bbox 651 924 788 1008; x_wconf 85' lang='lat' dir='ltr'>Scripta</span> <span class='ocrx_word' id='word_1_35' title='bbox 803 933 857 990; x_wconf 90' lang='lat' dir='ltr'><strong>est</strong></span> <span class='ocrx_word' id='word_1_36' title='bbox 876 931 991 988; x_wconf 90' lang='lat' dir='ltr'><strong>autern</strong></span> <span class='ocrx_word' id='word_1_37' title='bbox 1011 924 1097 988; x_wconf 92' lang='lat' dir='ltr'><strong>haec</strong></span> <span class='ocrx_word' id='word_1_38' title='bbox 1114 923 1250 988; x_wconf 88' lang='lat' dir='ltr'><strong>cartula</strong></span> 
     </span>
     <span class='ocr_line' id='line_1_7' title="bbox 198 1024 1250 1115; baseline 0 -28"><span class='ocrx_word' id='word_1_39' title='bbox 198 1043 288 1088; x_wconf 88' lang='lat' dir='ltr'><strong>anno</strong></span> <span class='ocrx_word' id='word_1_40' title='bbox 310 1025 500 1088; x_wconf 86' lang='lat' dir='ltr'><strong>dominicae</strong></span> <span class='ocrx_word' id='word_1_41' title='bbox 527 1026 772 1089; x_wconf 83' lang='lat' dir='ltr'><strong>incarnationis</strong></span> <span class='ocrx_word' id='word_1_42' title='bbox 792 1042 1008 1090; x_wconf 85' lang='lat' dir='ltr'><strong>.nccc.nv1u.</strong></span> <span class='ocrx_word' id='word_1_43' title='bbox 1031 1024 1067 1087; x_wconf 94' lang='lat' dir='ltr'><strong>in</strong></span> <span class='ocrx_word' id='word_1_44' title='bbox 1090 1025 1168 1088; x_wconf 94' lang='lat' dir='ltr'><strong>loco</strong></span> <span class='ocrx_word' id='word_1_45' title='bbox 1190 1024 1250 1115; x_wconf 84' lang='lat' dir='ltr'><strong>qui</strong></span> 
     </span>
    </p>
   </div>
   <div class='ocr_carea' id='block_1_3' title="bbox 197 1122 1249 1808">
    <p class='ocr_par' dir='ltr' id='par_1_3' title="bbox 197 1122 1249 1307">
     <span class='ocr_line' id='line_1_8' title="bbox 197 1122 1249 1207; baseline 0.002 -21"><span class='ocrx_word' id='word_1_46' title='bbox 197 1124 322 1187; x_wconf 90' lang='lat' dir='ltr'><strong>dicitur</strong></span> <span class='ocrx_word' id='word_1_47' title='bbox 339 1122 607 1206; x_wconf 83' lang='lat' dir='ltr'><strong>Amberesburg,</strong></span> <span class='ocrx_word' id='word_1_48' title='bbox 624 1127 769 1190; x_wconf 89' lang='lat' dir='ltr'><strong>testibus</strong></span> <span class='ocrx_word' id='word_1_49' title='bbox 784 1125 837 1187; x_wconf 92' lang='lat' dir='ltr'><strong>his</strong></span> <span class='ocrx_word' id='word_1_50' title='bbox 854 1124 1147 1189; x_wconf 87' lang='lat' dir='ltr'><strong>consentientibus</strong></span> <span class='ocrx_word' id='word_1_51' title='bbox 1162 1143 1249 1207; x_wconf 92' lang='lat' dir='ltr'><strong>quo·</strong></span> 
     </span>
     <span class='ocr_line' id='line_1_9' title="bbox 198 1224 958 1307; baseline 0.001 -21"><span class='ocrx_word' id='word_1_52' title='bbox 198 1244 273 1287; x_wconf 88' lang='lat' dir='ltr'><strong>rum</strong></span> <span class='ocrx_word' id='word_1_53' title='bbox 290 1225 429 1288; x_wconf 90' lang='lat' dir='ltr'><strong>nomina</strong></span> <span class='ocrx_word' id='word_1_54' title='bbox 443 1224 534 1288; x_wconf 87' lang='lat' dir='ltr'><strong>infra</strong></span> <span class='ocrx_word' id='word_1_55' title='bbox 550 1226 680 1307; x_wconf 84' lang='lat' dir='ltr'><strong>scripta</strong></span> <span class='ocrx_word' id='word_1_56' title='bbox 695 1245 770 1290; x_wconf 89' lang='lat' dir='ltr'><strong>esse</strong></span> <span class='ocrx_word' id='word_1_57' title='bbox 787 1225 958 1289; x_wconf 86' lang='lat' dir='ltr'><strong>uidentur.</strong></span> 
     </span>
    </p>

    <p class='ocr_par' dir='ltr' id='par_1_4' title="bbox 200 1321 1249 1808">
     <span class='ocr_line' id='line_1_10' title="bbox 254 1321 1249 1409; baseline -0.001 -22"><span class='ocrx_word' id='word_1_58' title='bbox 254 1324 500 1409; x_wconf 57' lang='lat' dir='ltr'><strong>ffiAEtielbald</strong></span> <span class='ocrx_word' id='word_1_59' title='bbox 530 1346 605 1390; x_wconf 89' lang='lat' dir='ltr'><strong>rex.</strong></span> <span class='ocrx_word' id='word_1_60' title='bbox 662 1325 828 1408; x_wconf 68' lang='lat' dir='ltr'><strong>»1⁴1udin</strong></span> <span class='ocrx_word' id='word_1_61' title='bbox 858 1326 989 1406; x_wconf 80' lang='lat' dir='ltr'><strong>regina.</strong></span> <span class='ocrx_word' id='word_1_62' title='bbox 1046 1321 1249 1406; x_wconf 75' lang='lat' dir='ltr'><strong>›1⁴Swibun</strong></span> 
     </span>
     <span class='ocr_line' id='line_1_11' title="bbox 200 1423 1245 1508; baseline -0.001 -20"><span class='ocrx_word' id='word_1_63' title='bbox 200 1425 393 1507; x_wconf 81' lang='lat' dir='ltr'><strong>episcopus,</strong></span> <span class='ocrx_word' id='word_1_64' title='bbox 448 1426 488 1506; x_wconf 94' lang='grc'><strong>»14</strong></span> <span class='ocrx_word' id='word_1_65' title='bbox 517 1425 616 1489; x_wconf 89' lang='lat' dir='ltr'><strong>Osric</strong></span> <span class='ocrx_word' id='word_1_66' title='bbox 644 1426 728 1490; x_wconf 86' lang='lat' dir='ltr'><strong>dux.</strong></span> <span class='ocrx_word' id='word_1_67' title='bbox 788 1428 827 1508; x_wconf 94' lang='grc'><strong>»14</strong></span> <span class='ocrx_word' id='word_1_68' title='bbox 861 1423 1046 1507; x_wconf 79' lang='lat' dir='ltr'><strong>(lynewulf</strong></span> <span class='ocrx_word' id='word_1_69' title='bbox 1064 1424 1148 1488; x_wconf 85' lang='lat' dir='ltr'><strong>dux.</strong></span> <span class='ocrx_word' id='word_1_70' title='bbox 1207 1426 1245 1505; x_wconf 88' lang='grc'><strong>»14</strong></span> 
     </span>
     <span class='ocr_line' id='line_1_12' title="bbox 202 1522 1249 1610; baseline -0.001 -23"><span class='ocrx_word' id='word_1_71' title='bbox 202 1522 405 1588; x_wconf 76' lang='lat' dir='ltr'><strong>Beorllwald</strong></span> <span class='ocrx_word' id='word_1_72' title='bbox 427 1527 546 1590; x_wconf 86' lang='lat' dir='ltr'><strong>abbas.</strong></span> <span class='ocrx_word' id='word_1_73' title='bbox 588 1526 828 1610; x_wconf 66' lang='lat' dir='ltr'><strong>›11Beornred</strong></span> <span class='ocrx_word' id='word_1_74' title='bbox 852 1526 972 1589; x_wconf 79' lang='lat' dir='ltr'><strong>abbas.</strong></span> <span class='ocrx_word' id='word_1_75' title='bbox 1028 1526 1068 1606; x_wconf 98' lang='grc'><strong>»14</strong></span> <span class='ocrx_word' id='word_1_76' title='bbox 1092 1523 1249 1588; x_wconf 90' lang='lat' dir='ltr'><strong>Osmnnd</strong></span> 
     </span>
     <span class='ocr_line' id='line_1_13' title="bbox 202 1623 1249 1708; baseline 0.002 -22"><span class='ocrx_word' id='word_1_77' title='bbox 202 1625 366 1690; x_wconf 84' lang='lat' dir='ltr'><strong>minister.</strong></span> <span class='ocrx_word' id='word_1_78' title='bbox 421 1628 461 1708; x_wconf 96' lang='grc'><strong>»14</strong></span> <span class='ocrx_word' id='word_1_79' title='bbox 478 1624 681 1690; x_wconf 80' lang='lat' dir='ltr'><strong>Beornnelm</strong></span> <span class='ocrx_word' id='word_1_80' title='bbox 699 1626 866 1690; x_wconf 88' lang='lat' dir='ltr'><strong>minister.</strong></span> <span class='ocrx_word' id='word_1_81' title='bbox 923 1626 962 1706; x_wconf 94' lang='grc'><strong>»14</strong></span> <span class='ocrx_word' id='word_1_82' title='bbox 986 1623 1115 1688; x_wconf 90' lang='lat' dir='ltr'><strong>Dudda</strong></span> <span class='ocrx_word' id='word_1_83' title='bbox 1132 1624 1249 1688; x_wconf 89' lang='lat' dir='ltr'><strong>minis-</strong></span> 
     </span>
     <span class='ocr_line' id='line_1_14' title="bbox 203 1723 1189 1808; baseline 0 -19"><span class='ocrx_word' id='word_1_84' title='bbox 203 1733 267 1791; x_wconf 87' lang='lat' dir='ltr'><strong>ter.</strong></span> <span class='ocrx_word' id='word_1_85' title='bbox 324 1726 363 1806; x_wconf 94' lang='grc'><strong>»14</strong></span> <span class='ocrx_word' id='word_1_86' title='bbox 383 1725 543 1791; x_wconf 80' lang='lat' dir='ltr'><strong>Wlshere</strong></span> <span class='ocrx_word' id='word_1_87' title='bbox 559 1726 724 1792; x_wconf 85' lang='lat' dir='ltr'><strong>minister.</strong></span> <span class='ocrx_word' id='word_1_88' title='bbox 782 1728 821 1808; x_wconf 93' lang='grc'><strong>»14</strong></span> <span class='ocrx_word' id='word_1_89' title='bbox 841 1723 1006 1790; x_wconf 75' lang='lat' dir='ltr'><strong>AEttelred</strong></span> <span class='ocrx_word' id='word_1_90' title='bbox 1022 1725 1189 1789; x_wconf 84' lang='lat' dir='ltr'><strong>minister.</strong></span> 
     </span>
    </p>
   </div>
   <div class='ocr_carea' id='block_1_4' title="bbox 669 1935 788 1946">
    <p class='ocr_par' dir='ltr' id='par_1_5' title="bbox 669 1935 788 1946">
     <span class='ocr_line' id='line_1_15' title="bbox 669 1935 788 1946; baseline -0.017 0"><span class='ocrx_word' id='word_1_91' title='bbox 669 1935 788 1946; x_wconf 79' lang='lat'><strong>——--</strong></span> 
     </span>
    </p>
   </div>
   <div class='ocr_carea' id='block_1_5' title="bbox 392 2072 1069 2280">
    <p class='ocr_par' dir='ltr' id='par_1_6' title="bbox 392 2072 1069 2280">
     <span class='ocr_line' id='line_1_16' title="bbox 647 2072 800 2139; baseline 0.02 -3"><span class='ocrx_word' id='word_1_92' title='bbox 647 2072 800 2139; x_wconf 89' lang='lat' dir='ltr'><strong>MLIX.</strong></span> 
     </span>
     <span class='ocr_line' id='line_1_17' title="bbox 392 2198 1069 2280; baseline 0.001 -17"><span class='ocrx_word' id='word_1_93' title='bbox 392 2198 638 2264; x_wconf 81' lang='lat' dir='ltr'>AEDELRED</span> <span class='ocrx_word' id='word_1_94' title='bbox 667 2198 732 2262; x_wconf 90' lang='lat' dir='ltr'><strong>OF</strong></span> <span class='ocrx_word' id='word_1_95' title='bbox 757 2199 976 2280; x_wconf 86' lang='lat' dir='ltr'><strong>WESSEX,</strong></span> <span class='ocrx_word' id='word_1_96' title='bbox 992 2199 1069 2264; x_wconf 82' lang='lat'><strong>863.</strong></span> 
     </span>
    </p>
   </div>
   <div class='ocr_carea' id='block_1_6' title="bbox 204 2323 1262 4209">
    <p class='ocr_par' dir='ltr' id='par_1_7' title="bbox 204 2323 1262 4209">
     <span class='ocr_line' id='line_1_18' title="bbox 215 2323 1253 2409; baseline -0.002 -19"><span class='ocrx_word' id='word_1_97' title='bbox 215 2346 217 2352; x_wconf 71' lang='grc'>’</span> <span class='ocrx_word' id='word_1_98' title='bbox 258 2329 297 2409; x_wconf 93' lang='grc'><strong>»14</strong></span> <span class='ocrx_word' id='word_1_99' title='bbox 326 2325 532 2390; x_wconf 76' lang='lat' dir='ltr'><strong>Ruennnrn</strong></span> <span class='ocrx_word' id='word_1_100' title='bbox 559 2325 800 2407; x_wconf 89' lang='lat' dir='ltr'><strong>inperpetuum</strong></span> <span class='ocrx_word' id='word_1_101' title='bbox 828 2323 967 2387; x_wconf 92' lang='lat' dir='ltr'><strong>domino</strong></span> <span class='ocrx_word' id='word_1_102' title='bbox 998 2329 1117 2387; x_wconf 88' lang='lat' dir='ltr'><strong>nostro</strong></span> <span class='ocrx_word' id='word_1_103' title='bbox 1147 2323 1253 2388; x_wconf 90' lang='lat' dir='ltr'><strong>lhesu</strong></span> 
     </span>
     <span class='ocr_line' id='line_1_19' title="bbox 205 2422 1255 2507; baseline -0.005 -15"><span class='ocrx_word' id='word_1_104' title='bbox 205 2427 365 2492; x_wconf 88' lang='lat' dir='ltr'><strong>Christo!</strong></span> <span class='ocrx_word' id='word_1_105' title='bbox 418 2425 556 2489; x_wconf 89' lang='lat' dir='ltr'><strong>Omnia</strong></span> <span class='ocrx_word' id='word_1_106' title='bbox 577 2442 667 2507; x_wconf 90' lang='lat' dir='ltr'><strong>quae</strong></span> <span class='ocrx_word' id='word_1_107' title='bbox 695 2424 731 2487; x_wconf 93' lang='lat' dir='ltr'><strong>in</strong></span> <span class='ocrx_word' id='word_1_108' title='bbox 762 2423 827 2487; x_wconf 92' lang='lat' dir='ltr'><strong>hoc</strong></span> <span class='ocrx_word' id='word_1_109' title='bbox 854 2423 982 2486; x_wconf 91' lang='lat' dir='ltr'><strong>mundo</strong></span> <span class='ocrx_word' id='word_1_110' title='bbox 1012 2422 1056 2487; x_wconf 88' lang='lat' dir='ltr'><strong>ad</strong></span> <span class='ocrx_word' id='word_1_111' title='bbox 1086 2423 1255 2488; x_wconf 88' lang='lat' dir='ltr'><strong>solacium</strong></span> 
     </span>
     <span class='ocr_line' id='line_1_20' title="bbox 205 2524 1255 2607; baseline -0.003 -16"><span class='ocrx_word' id='word_1_112' title='bbox 205 2527 361 2592; x_wconf 89' lang='lat' dir='ltr'><strong>mortalis</strong></span> <span class='ocrx_word' id='word_1_113' title='bbox 377 2526 470 2590; x_wconf 85' lang='lat' dir='ltr'><strong>uitae</strong></span> <span class='ocrx_word' id='word_1_114' title='bbox 487 2526 569 2589; x_wconf 93' lang='lat' dir='ltr'><strong>data</strong></span> <span class='ocrx_word' id='word_1_115' title='bbox 590 2531 683 2600; x_wconf 89' lang='lat' dir='ltr'><strong>sunt,</strong></span> <span class='ocrx_word' id='word_1_116' title='bbox 707 2524 910 2607; x_wconf 85' lang='lat' dir='ltr'><strong>temporalia</strong></span> <span class='ocrx_word' id='word_1_117' title='bbox 927 2529 1030 2597; x_wconf 81' lang='lat' dir='ltr'><strong>sunt3</strong></span> <span class='ocrx_word' id='word_1_118' title='bbox 1055 2529 1091 2586; x_wconf 90' lang='lat' dir='ltr'><strong>et</strong></span> <span class='ocrx_word' id='word_1_119' title='bbox 1106 2542 1149 2588; x_wconf 90' lang='lat' dir='ltr'><strong>ea</strong></span> <span class='ocrx_word' id='word_1_120' title='bbox 1171 2544 1255 2588; x_wconf 89' lang='lat' dir='ltr'><strong>uero</strong></span> 
     </span>
     <span class='ocr_line' id='line_1_21' title="bbox 205 2623 1255 2712; baseline -0.003 -21"><span class='ocrx_word' id='word_1_121' title='bbox 205 2647 295 2712; x_wconf 91' lang='lat' dir='ltr'><strong>quae</strong></span> <span class='ocrx_word' id='word_1_122' title='bbox 320 2627 356 2690; x_wconf 96' lang='lat' dir='ltr'><strong>in</strong></span> <span class='ocrx_word' id='word_1_123' title='bbox 383 2645 490 2708; x_wconf 81' lang='lat' dir='ltr'><strong>regno</strong></span> <span class='ocrx_word' id='word_1_124' title='bbox 519 2624 677 2689; x_wconf 92' lang='lat' dir='ltr'><strong>coelestis</strong></span> <span class='ocrx_word' id='word_1_125' title='bbox 697 2623 790 2687; x_wconf 90' lang='lat' dir='ltr'><strong>uitae</strong></span> <span class='ocrx_word' id='word_1_126' title='bbox 813 2623 944 2686; x_wconf 89' lang='lat' dir='ltr'><strong>sanctis</strong></span> <span class='ocrx_word' id='word_1_127' title='bbox 965 2623 1135 2705; x_wconf 89' lang='lat' dir='ltr'><strong>promissa</strong></span> <span class='ocrx_word' id='word_1_128' title='bbox 1161 2632 1255 2702; x_wconf 89' lang='lat' dir='ltr'><strong>sunt,</strong></span> 
     </span>
     <span class='ocr_line' id='line_1_22' title="bbox 205 2721 1256 2809; baseline -0.003 -18"><span class='ocrx_word' id='word_1_129' title='bbox 205 2729 279 2792; x_wconf 93' lang='lat' dir='ltr'><strong>sine</strong></span> <span class='ocrx_word' id='word_1_130' title='bbox 301 2727 367 2790; x_wconf 88' lang='lat' dir='ltr'><strong>fine</strong></span> <span class='ocrx_word' id='word_1_131' title='bbox 389 2725 649 2809; x_wconf 90' lang='lat' dir='ltr'><strong>permanebunt.</strong></span> <span class='ocrx_word' id='word_1_132' title='bbox 703 2723 925 2806; x_wconf 86' lang='lat' dir='ltr'><strong>Quapropter</strong></span> <span class='ocrx_word' id='word_1_133' title='bbox 940 2743 1005 2804; x_wconf 84' lang='lat' dir='ltr'><strong>ego</strong></span> <span class='ocrx_word' id='word_1_134' title='bbox 1021 2721 1169 2788; x_wconf 81' lang='lat' dir='ltr'><strong>AEbered</strong></span> <span class='ocrx_word' id='word_1_135' title='bbox 1186 2723 1256 2788; x_wconf 93' lang='lat' dir='ltr'><strong>Oc-</strong></span> 
     </span>
     <span class='ocr_line' id='line_1_23' title="bbox 205 2823 1258 2900; baseline -0.002 -9"><span class='ocrx_word' id='word_1_136' title='bbox 205 2826 425 2892; x_wconf 88' lang='lat' dir='ltr'><strong>cidentalium</strong></span> <span class='ocrx_word' id='word_1_137' title='bbox 443 2826 622 2889; x_wconf 87' lang='lat' dir='ltr'><strong>Saxonum</strong></span> <span class='ocrx_word' id='word_1_138' title='bbox 647 2844 722 2900; x_wconf 86' lang='lat' dir='ltr'><strong>rex,</strong></span> <span class='ocrx_word' id='word_1_139' title='bbox 750 2843 828 2887; x_wconf 91' lang='lat' dir='ltr'><strong>cum</strong></span> <span class='ocrx_word' id='word_1_140' title='bbox 855 2842 1024 2886; x_wconf 90' lang='lat' dir='ltr'><strong>consensu</strong></span> <span class='ocrx_word' id='word_1_141' title='bbox 1050 2842 1093 2887; x_wconf 89' lang='lat' dir='ltr'><strong>ac</strong></span> <span class='ocrx_word' id='word_1_142' title='bbox 1115 2823 1258 2889; x_wconf 88' lang='lat' dir='ltr'><strong>licentia</strong></span> 
     </span>
     <span class='ocr_line' id='line_1_24' title="bbox 204 2923 1258 3010; baseline -0.004 -18"><span class='ocrx_word' id='word_1_143' title='bbox 204 2928 444 3010; x_wconf 88' lang='lat' dir='ltr'><strong>cpiscoporum</strong></span> <span class='ocrx_word' id='word_1_144' title='bbox 458 2945 499 2989; x_wconf 91' lang='lat' dir='ltr'><strong>ac</strong></span> <span class='ocrx_word' id='word_1_145' title='bbox 514 2925 706 3008; x_wconf 89' lang='lat' dir='ltr'><strong>principum</strong></span> <span class='ocrx_word' id='word_1_146' title='bbox 724 2943 890 2998; x_wconf 88' lang='lat' dir='ltr'><strong>meorum,</strong></span> <span class='ocrx_word' id='word_1_147' title='bbox 907 2923 1011 2986; x_wconf 84' lang='lat' dir='ltr'><strong>etiarn</strong></span> <span class='ocrx_word' id='word_1_148' title='bbox 1025 2942 1088 3005; x_wconf 89' lang='lat' dir='ltr'><strong>pro</strong></span> <span class='ocrx_word' id='word_1_149' title='bbox 1105 2925 1258 2994; x_wconf 89' lang='lat' dir='ltr'><strong>remedio</strong></span> 
     </span>
     <span class='ocr_line' id='line_1_25' title="bbox 207 3021 1257 3108; baseline -0.002 -18"><span class='ocrx_word' id='word_1_150' title='bbox 207 3028 342 3090; x_wconf 90' lang='lat' dir='ltr'><strong>animae</strong></span> <span class='ocrx_word' id='word_1_151' title='bbox 364 3045 472 3101; x_wconf 88' lang='lat' dir='ltr'><strong>meae,</strong></span> <span class='ocrx_word' id='word_1_152' title='bbox 492 3032 526 3089; x_wconf 86' lang='lat' dir='ltr'><strong>et</strong></span> <span class='ocrx_word' id='word_1_153' title='bbox 547 3043 610 3108; x_wconf 91' lang='lat' dir='ltr'><strong>pro</strong></span> <span class='ocrx_word' id='word_1_154' title='bbox 628 3021 846 3088; x_wconf 87' lang='lat' dir='ltr'><strong>absolutione</strong></span> <span class='ocrx_word' id='word_1_155' title='bbox 866 3023 1033 3086; x_wconf 89' lang='lat' dir='ltr'><strong>scelerum</strong></span> <span class='ocrx_word' id='word_1_156' title='bbox 1057 3024 1257 3088; x_wconf 90' lang='lat' dir='ltr'><strong>commisso-</strong></span> 
     </span>
     <span class='ocr_line' id='line_1_26' title="bbox 207 3123 1257 3207; baseline -0.001 -17"><span class='ocrx_word' id='word_1_157' title='bbox 207 3146 295 3202; x_wconf 90' lang='lat' dir='ltr'><strong>rum,</strong></span> <span class='ocrx_word' id='word_1_158' title='bbox 313 3145 389 3189; x_wconf 91' lang='lat' dir='ltr'><strong>meo</strong></span> <span class='ocrx_word' id='word_1_159' title='bbox 406 3123 719 3207; x_wconf 87' lang='lat' dir='ltr'><strong>principinshere</strong></span> <span class='ocrx_word' id='word_1_160' title='bbox 741 3123 893 3206; x_wconf 86' lang='lat' dir='ltr'><strong>aliquam</strong></span> <span class='ocrx_word' id='word_1_161' title='bbox 910 3129 1044 3205; x_wconf 90' lang='lat' dir='ltr'><strong>partem</strong></span> <span class='ocrx_word' id='word_1_162' title='bbox 1059 3123 1148 3204; x_wconf 84' lang='lat' dir='ltr'><strong>agri,</strong></span> <span class='ocrx_word' id='word_1_163' title='bbox 1165 3144 1257 3206; x_wconf 91' lang='lat' dir='ltr'><strong>quae</strong></span> 
     </span>
     <span class='ocr_line' id='line_1_27' title="bbox 207 3223 1258 3307; baseline -0.001 -19"><span class='ocrx_word' id='word_1_164' title='bbox 207 3226 252 3289; x_wconf 92' lang='lat' dir='ltr'><strong>ad</strong></span> <span class='ocrx_word' id='word_1_165' title='bbox 268 3245 323 3288; x_wconf 88' lang='lat' dir='ltr'><strong>me</strong></span> <span class='ocrx_word' id='word_1_166' title='bbox 339 3226 404 3289; x_wconf 90' lang='lat' dir='ltr'><strong>rite</strong></span> <span class='ocrx_word' id='word_1_167' title='bbox 420 3224 626 3306; x_wconf 85' lang='lat' dir='ltr'><strong>pertinebat,</strong></span> <span class='ocrx_word' id='word_1_168' title='bbox 641 3224 676 3286; x_wconf 90' lang='lat' dir='ltr'><strong>in</strong></span> <span class='ocrx_word' id='word_1_169' title='bbox 693 3230 893 3307; x_wconf 88' lang='lat' dir='ltr'><strong>perpetuam</strong></span> <span class='ocrx_word' id='word_1_170' title='bbox 914 3223 1160 3287; x_wconf 86' lang='lat' dir='ltr'><strong>haereditatem</strong></span> <span class='ocrx_word' id='word_1_171' title='bbox 1178 3243 1258 3307; x_wconf 87' lang='lat' dir='ltr'><strong>per·</strong></span> 
     </span>
     <span class='ocr_line' id='line_1_28' title="bbox 208 3323 1258 3406; baseline -0.001 -16"><span class='ocrx_word' id='word_1_172' title='bbox 208 3326 336 3390; x_wconf 89' lang='lat' dir='ltr'><strong>donare</strong></span> <span class='ocrx_word' id='word_1_173' title='bbox 357 3325 520 3406; x_wconf 76' lang='lat' dir='ltr'><strong>dignatus</strong></span> <span class='ocrx_word' id='word_1_174' title='bbox 543 3324 606 3401; x_wconf 87' lang='lat' dir='ltr'><strong>fni,</strong></span> <span class='ocrx_word' id='word_1_175' title='bbox 627 3324 661 3386; x_wconf 94' lang='lat' dir='ltr'><strong>id</strong></span> <span class='ocrx_word' id='word_1_176' title='bbox 687 3330 741 3388; x_wconf 90' lang='lat' dir='ltr'><strong>est</strong></span> <span class='ocrx_word' id='word_1_177' title='bbox 758 3341 816 3387; x_wconf 75' lang='lat' dir='ltr'><strong>‚vn</strong></span> <span class='ocrx_word' id='word_1_178' title='bbox 839 3330 994 3386; x_wconf 90' lang='lat' dir='ltr'><strong>cassatos</strong></span> <span class='ocrx_word' id='word_1_179' title='bbox 1016 3324 1052 3386; x_wconf 91' lang='lat' dir='ltr'><strong>in</strong></span> <span class='ocrx_word' id='word_1_180' title='bbox 1077 3323 1147 3386; x_wconf 90' lang='lat' dir='ltr'><strong>illis</strong></span> <span class='ocrx_word' id='word_1_181' title='bbox 1171 3324 1258 3389; x_wconf 89' lang='lat' dir='ltr'><strong>locis</strong></span> 
     </span>
     <span class='ocr_line' id='line_1_29' title="bbox 208 3422 1259 3509; baseline 0 -21"><span class='ocrx_word' id='word_1_182' title='bbox 208 3425 268 3509; x_wconf 92' lang='lat' dir='ltr'><strong>qui</strong></span> <span class='ocrx_word' id='word_1_183' title='bbox 299 3425 518 3507; x_wconf 88' lang='lat' dir='ltr'><strong>appellantur</strong></span> <span class='ocrx_word' id='word_1_184' title='bbox 544 3425 743 3488; x_wconf 89' lang='lat' dir='ltr'><strong>Butermere</strong></span> <span class='ocrx_word' id='word_1_185' title='bbox 773 3429 809 3487; x_wconf 89' lang='lat' dir='ltr'><strong>ct</strong></span> <span class='ocrx_word' id='word_1_186' title='bbox 830 3424 1020 3499; x_wconf 88' lang='lat' dir='ltr'><strong>AEscmcre,</strong></span> <span class='ocrx_word' id='word_1_187' title='bbox 1047 3422 1113 3486; x_wconf 91' lang='lat' dir='ltr'><strong>hoc</strong></span> <span class='ocrx_word' id='word_1_188' title='bbox 1139 3431 1259 3488; x_wconf 88' lang='lat' dir='ltr'><strong>estut</strong></span> 
     </span>
     <span class='ocr_line' id='line_1_30' title="bbox 208 3521 1261 3606; baseline 0.001 -18"><span class='ocrx_word' id='word_1_189' title='bbox 208 3525 334 3588; x_wconf 89' lang='lat' dir='ltr'><strong>habeat</strong></span> <span class='ocrx_word' id='word_1_190' title='bbox 362 3532 397 3588; x_wconf 91' lang='lat' dir='ltr'><strong>et</strong></span> <span class='ocrx_word' id='word_1_191' title='bbox 420 3524 617 3606; x_wconf 86' lang='lat' dir='ltr'><strong>perfruatur</strong></span> <span class='ocrx_word' id='word_1_192' title='bbox 642 3544 719 3587; x_wconf 91' lang='lat' dir='ltr'><strong>cum</strong></span> <span class='ocrx_word' id='word_1_193' title='bbox 747 3524 904 3587; x_wconf 91' lang='lat' dir='ltr'><strong>omnibus</strong></span> <span class='ocrx_word' id='word_1_194' title='bbox 930 3523 1033 3586; x_wconf 88' lang='lat' dir='ltr'><strong>rebus</strong></span> <span class='ocrx_word' id='word_1_195' title='bbox 1058 3521 1103 3586; x_wconf 89' lang='lat' dir='ltr'><strong>ad</strong></span> <span class='ocrx_word' id='word_1_196' title='bbox 1128 3543 1166 3586; x_wconf 89' lang='lat' dir='ltr'><strong>se</strong></span> <span class='ocrx_word' id='word_1_197' title='bbox 1191 3524 1261 3589; x_wconf 88' lang='lat' dir='ltr'><strong>rite</strong></span> 
     </span>
     <span class='ocr_line' id='line_1_31' title="bbox 206 3622 1259 3710; baseline -0.001 -20"><span class='ocrx_word' id='word_1_198' title='bbox 206 3623 468 3710; x_wconf 66' lang='lat' dir='ltr'><strong>pertinentibus</strong></span> <span class='ocrx_word' id='word_1_199' title='bbox 492 3625 635 3706; x_wconf 92' lang='lat' dir='ltr'><strong>campis,</strong></span> <span class='ocrx_word' id='word_1_200' title='bbox 654 3622 764 3699; x_wconf 89' lang='lat' dir='ltr'><strong>siluis,</strong></span> <span class='ocrx_word' id='word_1_201' title='bbox 782 3623 903 3707; x_wconf 89' lang='lat' dir='ltr'><strong>pratis,</strong></span> <span class='ocrx_word' id='word_1_202' title='bbox 922 3623 1072 3705; x_wconf 89' lang='lat' dir='ltr'><strong>pascuis,</strong></span> <span class='ocrx_word' id='word_1_203' title='bbox 1093 3624 1259 3704; x_wconf 91' lang='lat' dir='ltr'><strong>quamdin</strong></span> 
     </span>
     <span class='ocr_line' id='line_1_32' title="bbox 208 3722 1259 3804; baseline 0 -15"><span class='ocrx_word' id='word_1_204' title='bbox 208 3727 243 3790; x_wconf 92' lang='lat' dir='ltr'><strong>in</strong></span> <span class='ocrx_word' id='word_1_205' title='bbox 262 3724 326 3788; x_wconf 89' lang='lat' dir='ltr'><strong>hac</strong></span> <span class='ocrx_word' id='word_1_206' title='bbox 350 3724 480 3788; x_wconf 89' lang='lat' dir='ltr'><strong>caduca</strong></span> <span class='ocrx_word' id='word_1_207' title='bbox 497 3723 571 3786; x_wconf 91' lang='lat' dir='ltr'><strong>uita</strong></span> <span class='ocrx_word' id='word_1_208' title='bbox 590 3723 787 3787; x_wconf 89' lang='lat' dir='ltr'><strong>demoratus</strong></span> <span class='ocrx_word' id='word_1_209' title='bbox 809 3722 928 3802; x_wconf 81' lang='lat' dir='ltr'><strong>fuerit3</strong></span> <span class='ocrx_word' id='word_1_210' title='bbox 950 3729 1030 3804; x_wconf 88' lang='lat' dir='ltr'><strong>post</strong></span> <span class='ocrx_word' id='word_1_211' title='bbox 1051 3742 1134 3786; x_wconf 91' lang='lat' dir='ltr'><strong>uero</strong></span> <span class='ocrx_word' id='word_1_212' title='bbox 1156 3742 1259 3789; x_wconf 90' lang='lat' dir='ltr'><strong>suum</strong></span> 
     </span>
     <span class='ocr_line' id='line_1_33' title="bbox 208 3821 1260 3905; baseline 0.001 -16"><span class='ocrx_word' id='word_1_213' title='bbox 208 3828 252 3890; x_wconf 89' lang='lat' dir='ltr'><strong>ab</strong></span> <span class='ocrx_word' id='word_1_214' title='bbox 279 3825 344 3888; x_wconf 91' lang='lat' dir='ltr'><strong>hac</strong></span> <span class='ocrx_word' id='word_1_215' title='bbox 371 3824 447 3888; x_wconf 90' lang='lat' dir='ltr'><strong>luce</strong></span> <span class='ocrx_word' id='word_1_216' title='bbox 476 3824 665 3900; x_wconf 88' lang='lat' dir='ltr'><strong>decessum,</strong></span> <span class='ocrx_word' id='word_1_217' title='bbox 691 3822 829 3886; x_wconf 87' lang='lat' dir='ltr'><strong>haeredi</strong></span> <span class='ocrx_word' id='word_1_218' title='bbox 857 3821 1060 3904; x_wconf 87' lang='lat' dir='ltr'><strong>cuicumque</strong></span> <span class='ocrx_word' id='word_1_219' title='bbox 1087 3822 1260 3905; x_wconf 89' lang='lat' dir='ltr'><strong>placuerit</strong></span> 
     </span>
     <span class='ocr_line' id='line_1_34' title="bbox 206 3922 1259 4005; baseline 0.003 -17"><span class='ocrx_word' id='word_1_220' title='bbox 206 3926 351 3988; x_wconf 90' lang='lat' dir='ltr'><strong>liberam</strong></span> <span class='ocrx_word' id='word_1_221' title='bbox 379 3923 505 3987; x_wconf 89' lang='lat' dir='ltr'><strong>habeat</strong></span> <span class='ocrx_word' id='word_1_222' title='bbox 535 3922 684 3986; x_wconf 89' lang='lat' dir='ltr'><strong>donandi</strong></span> <span class='ocrx_word' id='word_1_223' title='bbox 715 3923 771 3985; x_wconf 87' lang='lat' dir='ltr'><strong>uel</strong></span> <span class='ocrx_word' id='word_1_224' title='bbox 800 3922 1007 3986; x_wconf 88' lang='lat' dir='ltr'><strong>concedendi</strong></span> <span class='ocrx_word' id='word_1_225' title='bbox 1035 3929 1259 4005; x_wconf 88' lang='lat' dir='ltr'><strong>potestatem.</strong></span> 
     </span>
     <span class='ocr_line' id='line_1_35' title="bbox 208 4021 1262 4105; baseline -0.001 -16"><span class='ocrx_word' id='word_1_226' title='bbox 208 4025 262 4089; x_wconf 91' lang='lat' dir='ltr'><strong>Sit</strong></span> <span class='ocrx_word' id='word_1_227' title='bbox 288 4033 403 4088; x_wconf 89' lang='lat' dir='ltr'><strong>autem</strong></span> <span class='ocrx_word' id='word_1_228' title='bbox 427 4023 604 4105; x_wconf 89' lang='lat' dir='ltr'><strong>praedicta</strong></span> <span class='ocrx_word' id='word_1_229' title='bbox 625 4029 718 4085; x_wconf 88' lang='lat' dir='ltr'><strong>terra</strong></span> <span class='ocrx_word' id='word_1_230' title='bbox 739 4022 848 4086; x_wconf 88' lang='lat' dir='ltr'><strong>libera</strong></span> <span class='ocrx_word' id='word_1_231' title='bbox 874 4023 917 4085; x_wconf 92' lang='lat' dir='ltr'><strong>ab</strong></span> <span class='ocrx_word' id='word_1_232' title='bbox 939 4021 1030 4086; x_wconf 91' lang='lat' dir='ltr'><strong>omni</strong></span> <span class='ocrx_word' id='word_1_233' title='bbox 1051 4023 1162 4104; x_wconf 86' lang='lat' dir='ltr'><strong>regali</strong></span> <span class='ocrx_word' id='word_1_234' title='bbox 1188 4043 1262 4088; x_wconf 89' lang='lat' dir='ltr'><strong>ser-</strong></span> 
     </span>
     <span class='ocr_line' id='line_1_36' title="bbox 205 4121 1262 4209; baseline -0.002 -20"><span class='ocrx_word' id='word_1_235' title='bbox 205 4124 292 4188; x_wconf 88' lang='lat' dir='ltr'><strong>uitio</strong></span> <span class='ocrx_word' id='word_1_236' title='bbox 310 4132 344 4187; x_wconf 90' lang='lat' dir='ltr'><strong>et</strong></span> <span class='ocrx_word' id='word_1_237' title='bbox 364 4123 515 4188; x_wconf 90' lang='lat' dir='ltr'><strong>omnium</strong></span> <span class='ocrx_word' id='word_1_238' title='bbox 536 4121 765 4186; x_wconf 89' lang='lat' dir='ltr'><strong>saecularium</strong></span> <span class='ocrx_word' id='word_1_239' title='bbox 791 4122 977 4199; x_wconf 82' lang='lat' dir='ltr'><strong>seruitute,</strong></span> <span class='ocrx_word' id='word_1_240' title='bbox 994 4128 1130 4204; x_wconf 89' lang='lat' dir='ltr'><strong>praeter</strong></span> <span class='ocrx_word' id='word_1_241' title='bbox 1152 4143 1262 4209; x_wconf 86' lang='lat' dir='ltr'><strong>expe·</strong></span> 
     </span>
    </p>
   </div>
   <div class='ocr_carea' id='block_1_7' title="bbox 0 0 1461 4890">
    <p class='ocr_par' dir='ltr' id='par_1_8' title="bbox 0 0 1461 4890">
     <span class='ocr_line' id='line_1_37' title="bbox 0 0 1461 4890; baseline 0 0"><span class='ocrx_word' id='word_1_242' title='bbox 0 0 1461 4890; x_wconf 95' lang='lat' dir='ltr'><strong> </strong></span> 
     </span>
    </p>
   </div>
  </div>
 </body>
</html>
