2888 4890
444 381 619 431 clitum
644 377 989 428 nucnosnxorucnn.
1203 364 1248 429 73

189 536 327 620 titudo;
351 539 384 604 si
406 538 518 616 aliter,
533 536 625 620 quod
648 556 717 601 non
732 543 904 620 optamus,
922 536 1105 620 tyrannica
1126 538 1246 602 fraude

191 639 369 722 deceptus,
386 638 571 720 infringere
595 637 829 720 temptauerit,
850 637 940 702 sciat
963 656 1001 701 se
1026 656 1102 702 esse
1127 639 1247 722 damp-

191 746 313 804 natum
337 747 372 804 et
396 758 419 803 a
441 737 707 822 participatione
734 737 832 818 regni
849 738 1010 802 coelestis
1035 746 1247 822 separatum,

192 838 260 902 nisi
283 846 366 907 ante
396 838 636 902 satisfactione
665 837 910 902 emendauerit.
969 835 1066 903 Acta
1087 846 1141 903 est
1162 838 1248 903 haec

191 938 427 1004 reconciliatio
437 957 527 1003 anno
541 936 731 1001 dominicae
745 937 992 1001 incarnationis
1005 955 1249 1004 .nccc.xx1111.

194 1039 381 1104 indictione
396 1039 560 1115 secunda,
572 1037 628 1101 die
641 1053 690 1102 .x.
700 1035 867 1100 kalendas
879 1036 1043 1119 Augusti,
1052 1039 1090 1103 in
1105 1032 1248 1104 ciuitate

196 1137 413 1203 Dorohernia
440 1158 518 1202 cum
546 1149 716 1202 consensu
745 1137 852 1201 totius
876 1137 1041 1216 familiae,
1060 1139 1117 1203 uel
1143 1141 1248 1204 etiam

195 1237 261 1302 hoc
276 1236 390 1322 ipsum
412 1239 586 1303 seniorum
611 1237 770 1301 manibus
794 1237 974 1320 signaculo
991 1239 1103 1304 crucis
1118 1237 1249 1305 Christi

195 1338 371 1404 firmantes
387 1356 535 1422 quorum
554 1337 693 1402 nomina
709 1337 828 1403 subter
844 1344 1064 1414 annotantur.
1112 1341 1154 1421 ›1‹
1172 1339 1249 1422 Ego

195 1438 395 1504 Wolfredus
419 1437 534 1520 gratia
558 1435 614 1501 dei
636 1436 914 1521 archiepiscopus
932 1437 1020 1502 hanc
1037 1440 1249 1522 praedictam

197 1538 509 1604 reconciliationem
564 1537 809 1602 consentiendo
858 1538 1045 1605 subscribo.
1119 1540 1249 1603 Omnes

196 1637 302 1703 etiam
335 1638 489 1702 seniores
528 1636 715 1702 aecclesiae
753 1636 883 1703 Christi
922 1637 1132 1705 Cantuariae
1170 1639 1249 1704 huic

197 1739 329 1823 scripto
342 1738 444 1823 signa
460 1756 524 1802 sua
542 1744 790 1822 apposuerunt,
811 1745 847 1802 et
861 1738 977 1822 plures
993 1739 1063 1803 alii

660 1933 781 1946 —

608 2053 855 2121 MXXXIII.

289 2196 561 2263 EGGBERHT
591 2197 656 2263 OF
676 2198 898 2276 WESSEX,
923 2196 1017 2280 Aug.
1029 2197 1083 2274 19,
1104 2196 1181 2264 825.

257 2340 297 2420 ›1‹
319 2336 365 2402 Iu
395 2337 531 2402 nomine
558 2338 687 2403 domini
719 2339 829 2404 nostri
861 2347 897 2405 et
928 2338 1113 2404 saluatoris
1146 2337 1252 2402 Ihesu

202 2437 351 2504 Christi!
405 2437 481 2520 Ego
499 2439 728 2521 Ecgherhtus,
747 2440 857 2522 regali
881 2439 991 2503 fretus
1013 2439 1194 2520 dignitate,
1212 2438 1255 2502 de

201 2544 295 2603 terra
321 2558 424 2621 quam
454 2558 692 2622 praecessores
722 2540 790 2604 mei
823 2546 928 2622 atque
959 2538 1144 2622 propinqui
1179 2538 1255 2602 iure

101 2695 109 2709 ,
197 2637 305 2702 -michi
333 2637 563 2703 haereditario
590 2638 835 2722 possidendam
860 2639 1085 2722 reliquerunt,
1101 2637 1255 2721 aliquam

201 2738 395 2821 portionem
423 2745 536 2802 terrae
563 2740 771 2804 monasterio
793 2747 992 2804 sanctorum
1018 2738 1253 2821 apostolorum

204 2836 302 2901 Petri
317 2844 352 2902 et
368 2837 473 2902 Pauli
496 2858 560 2921 pro
576 2840 726 2905 remedio
745 2841 879 2904 animae
894 2858 991 2904 meae
1008 2837 1256 2923 perpetualiter

204 2936 400 3020 impendere
425 2938 574 3020 largitus
600 2958 688 3016 sum,
710 2939 746 3004 in
771 2940 910 3004 modum
936 2939 1098 3003 uidelicet
1125 2945 1165 3002 ut
1189 2957 1256 3001 au·

203 3044 300 3102 tumo
311 3055 356 3102 Ν.
366 3045 579 3103 cassatorum
596 3039 633 3102 in
648 3039 727 3103 loco
743 3041 802 3123 qui
817 3039 1013 3124 appellatur
1026 3037 1256 3119 aetWoffiige.

206 3136 312 3201 Hanc
328 3157 439 3201 meam
454 3158 538 3202 uero
555 3138 776 3203 donationem
800 3140 865 3204 hac
881 3138 1075 3204 conditione
1090 3139 1257 3202 roborans

205 3236 381 3314 confirmo,
403 3244 444 3302 ut
465 3237 541 3319 ipse
568 3237 665 3303 locus
696 3239 823 3305 habeat
852 3240 916 3304 sub
944 3238 1084 3322 proprio
1107 3237 1259 3302 dominio

204 3336 294 3401 hauc
326 3339 468 3402 terram'
482 3356 560 3401 cum
592 3340 767 3404 montanis
805 3359 846 3403 ac
884 3338 983 3404 siluis
1014 3337 1191 3421 pratisque
1221 3345 1258 3403 et

201 3437 338 3520 campis
361 3437 552 3503 siluestreis
575 3438 748 3503 adiunctis
771 3439 863 3522 apud
886 3438 1105 3521 antiquitatis
1125 3443 1260 3501 statuta

199 3535 251 3602 ad
276 3555 352 3600 eam
378 3538 650 3620 pertinentibus3
671 3538 783 3602 adhuc
811 3539 914 3604 etiam
940 3546 976 3603 et
994 3557 1061 3620 ego
1081 3538 1259 3621 praefatus

198 3655 270 3700 ,rex
299 3634 453 3721 [uolens]
476 3657 603 3720 augere
635 3638 913 3723 amplificareque
946 3637 1168 3702 elemosinam
1196 3657 1259 3720 pro

204 3756 324 3803 amore
340 3736 395 3802 dei
410 3736 570 3821 fidelique
584 3737 726 3803 seruitio
741 3739 908 3821 praedicti
925 3737 1137 3814 monasterii,
1147 3744 1260 3802 terrae

206 3836 386 3920 praefatae
406 3845 452 3902 aet
464 3837 634 3919 Wor'dige
651 3839 801 3902 omnium
818 3838 1045 3905 saecularium
1067 3836 1260 3918 grauitudi-

208 3955 290 4001 num
322 3955 456 4000 necnon
484 3945 520 4002 et
548 3945 750 4002 cunctarum
778 3939 814 4002 in
842 3939 976 4003 modico
1009 3937 1107 4002 etin
1132 3955 1259 4017 magno

208 4036 431 4101 mundialium
459 4038 663 4102 seruitutum
697 4039 892 4104 libertatem
928 4037 1089 4113 concedo,
1113 4043 1260 4120 excepto

210 4136 442 4221 expeditione,
458 4145 493 4203 et
508 4139 624 4222 pontis
646 4138 807 4217 factione,
825 4139 916 4222 quod
930 4139 1033 4202 omni
1054 4137 1147 4221 plebi
1168 4157 1261 4203 com·
