2888 4890
190 341 256 407 338
449 360 620 407 canaria
647 358 991 406 anonosnxorreau.

196 518 316 598 pratiS,
338 517 448 593 siluis,
471 525 619 599 excepto
639 517 716 580 istis
741 517 863 592 tribus,
878 515 1111 597 expeditione,
1132 511 1248 594 pontis

195 617 328 680 arcisue
345 619 608 682 constructione.
662 616 697 679 Si
715 617 791 698 quis
810 625 938 691 autem,
956 614 1047 697 quod
1062 633 1131 677 non
1146 618 1248 692 opta·

195 736 282 791 muS,
301 717 389 780 haue
407 725 560 781 nostram
578 715 824 792 diffinitionem,
841 715 1002 778 elationis
1017 715 1137 778 habitu
1155 712 1248 774 ince-

194 816 291 892 dens,
304 817 488 897 insringere
510 818 742 898 temptauerit,
761 835 945 897 perpessus
965 816 1012 877 sit
1030 812 1153 896 gelidis
1173 811 1249 892 gla-

196 917 324 979 cierum
342 917 482 980 flatibus
501 925 536 980 et
549 916 707 980 Pennino
725 916 880 979 exercitu
903 914 1132 995 malignorum
1148 909 1249 992 spiri·

197 1025 305 1092 tuum,
332 1017 399 1079 nisi
427 1017 523 1097 prius
557 1016 702 1097 inriguis
733 1014 963 1097 poenitentiae
995 1013 1182 1096 gemitibus
1215 1016 1249 1072 et

195 1134 283 1196 pura
305 1116 542 1180 emendatione
562 1115 805 1179 emendauerit.
867 1115 950 1178 Istis
970 1114 1125 1178 terminis
1152 1128 1250 1192 prae-

197 1214 289 1279 dicta
309 1225 401 1279 terra
416 1216 670 1298 circumgyrato
687 1234 763 1279 esse
781 1214 928 1278 uidetur.

590 1507 873 1572 mccxxvu.

545 1652 567 1693 r
581 1626 799 1734 minnan,
822 1658 897 1722 erc.

254 1809 293 1888 »1⁴
312 1806 463 1869 Domino
481 1807 696 1872 dominorum
712 1808 911 1871 dominante
925 1808 961 1870 in
976 1807 1116 1871 saecula
1133 1826 1251 1871 saecu-

198 1905 332 1970 lorum!
395 1905 520 1988 Regna
550 1928 732 1990 regnorum
767 1907 868 1971 huius
899 1907 1090 1989 praesentis
1122 1907 1254 1970 saeculi

199 2012 382 2069 transeunt
407 2007 499 2071 sicut
526 2006 747 2088 ignominica,
769 2014 805 2070 et
830 2008 943 2070 omnis
973 2007 1085 2088 gloria
1102 2015 1137 2071 et
1154 2006 1252 2070 locus

200 2104 301 2169 huius
336 2106 454 2169 mundi
490 2109 627 2190 peribit,
654 2114 689 2170 et
711 2126 780 2170 non
802 2113 884 2169 sunt
911 2113 1065 2182 aeterna,
1101 2106 1161 2169 sed
1193 2126 1251 2170 su·

199 2224 306 2285 perna
328 2216 470 2269 aeterna
491 2214 584 2270 sunt.
636 2206 740 2269 Unde
765 2226 830 2287 ego
853 2206 988 2270 Eadred
1017 2225 1092 2283 rex,
1117 2204 1252 2287 Anglo-

199 2324 275 2366 rum
299 2307 510 2385 gubernator
530 2313 565 2369 et
580 2313 704 2382 rector,
721 2306 856 2369 cuidam
880 2325 955 2369 meo
974 2305 1065 2369 fideli
1084 2305 1252 2381 ministro,

199 2422 301 2484 quem
333 2406 489 2468 nonnulli
517 2407 674 2469 uocitant
701 2414 785 2468 noto
806 2406 986 2469 uocamine
1005 2404 1166 2480 Wulfric,
1189 2424 1252 2486 pro

200 2503 273 2565 eius
290 2505 450 2567 beniuolo
468 2506 645 2586 obsequio,
664 2506 814 2587 aliquam
833 2505 1023 2587 portionem
1043 2512 1155 2568 terrae
1180 2524 1254 2586 per-

200 2604 343 2678 enniter,
359 2611 472 2666 mente
496 2604 635 2681 deuota,
656 2604 819 2682 concedo,
845 2605 879 2667 id
898 2611 951 2667 est
972 2605 1089 2667 decem
1113 2623 1253 2667 mansas

200 2701 260 2764 illo
281 2702 316 2765 in
337 2703 414 2766 loco
440 2703 499 2766 ubi
517 2702 667 2785 Anglica
689 2704 921 2786 appellatione
944 2703 1070 2767 dicitur
1091 2710 1138 2767 aet
1159 2704 1254 2768 Box-

200 2796 296 2877 oran',
314 2809 352 2865 ut
370 2802 497 2866 habeat
519 2822 561 2866 ac
583 2804 758 2885 possideat
778 2803 942 2884 quamdiu
969 2803 1087 2880 uiuat;
1116 2811 1254 2885 etpost

201 2921 237 2963 se
266 2902 458 2984 cuicunque
481 2902 632 2966 uoluerit
657 2903 879 2966 aeternaliter
905 2902 1132 2986 derelinquat.
1200 2903 1254 2966 Sit

201 3008 315 3063 autern
339 3001 552 3082 praedictum
576 3022 636 3065 rus
661 3003 804 3066 liberum
828 3004 872 3065 ab
890 3003 983 3066 omni
1003 3002 1170 3066 mundiali
1191 3005 1253 3066 ob·

202 3100 348 3176 staculo,
364 3121 441 3164 cum
457 3102 613 3165 omnibus
629 3102 673 3165 ad
692 3121 729 3165 sc
745 3103 809 3165 rite
826 3102 1097 3184 pertinentibus,
1110 3104 1252 3185 campie,

202 3201 350 3278 pascuis,
375 3202 496 3282 pratiS,
529 3201 638 3278 siluiS,
664 3212 811 3283 excepto
838 3203 1010 3264 communi
1037 3202 1165 3278 labore,
1191 3222 1253 3266 ex·

202 3298 386 3386 peditione,
421 3301 537 3382 pontis
576 3302 743 3383 arcis[ue]
774 3301 1042 3367 constructione.
1108 3301 1146 3364 Si
1175 3303 1254 3384 quis

203 3404 319 3462 autem
343 3399 529 3480 infringere
546 3401 742 3478 certauerit,
755 3401 847 3481 quod
866 3401 968 3476 absit,
985 3398 1074 3465 sciat
1094 3421 1133 3464 se
1156 3420 1252 3465 reum

202 3498 294 3560 omni
321 3498 407 3562 hora
433 3500 528 3562 uitae
555 3519 639 3563 suae
665 3506 700 3564 et
730 3501 950 3563 tenebrosum
968 3500 1156 3565 Tartarum
1183 3521 1253 3565 non

202 3597 359 3660 euadere.
417 3598 502 3661 Istis
527 3600 680 3662 terminis
703 3599 788 3663 haec
816 3599 920 3663 tellus
948 3601 1079 3664 ambita
1105 3600 1253 3665 uidetur.

143 3717 145 3722 ·
204 3695 265 3758 Dis
296 3698 367 3760 sint
403 3697 446 3760 da
484 3688 718 3780 landgemaera
753 3690 791 3764 to
825 3700 999 3763 Boxoran.
1058 3700 1177 3764 AErest
1194 3707 1253 3771 at

203 3794 322 3858 Wines
346 3786 496 3876 treowe3
519 3803 592 3862 'teet
620 3799 771 3880 andlang
799 3799 968 3880 herpaites
994 3789 1032 3862 to
1055 3800 1252 3881 denepitte;

200 3898 313 3958 donne
336 3889 386 3979 sip
414 3916 458 3960 ou
482 3889 663 3962 aescmeres
682 3899 837 3962 hammes
859 3890 1105 3974 sfiiiewearde3
1125 3899 1167 3963 of
1181 3889 1253 3964 itan

202 3992 375 4060 hammum
399 3996 551 4079 andlang
573 4018 696 4063 maerce
721 3990 764 4062 fit
781 4003 934 4062 untione
957 3987 1116 4064 heaafeld
1140 3986 1253 4065 easte-

203 4093 381 4174 weardne;
404 4102 476 4160 itaet
493 4089 536 4160 sit
555 4117 599 4160 on
616 4096 746 4161 Linden
768 4099 1013 4174 nortweardffi
1037 4105 1154 4164 donne
1168 4100 1252 4164 and·
