2888 4890
449 389 622 437 cnnnrnn
645 389 991 439 nncnosnxomcnn.
1208 367 1253 430 69

194 546 300 606 aetate
324 561 386 606 seu
404 560 485 610 nni.
506 565 593 610 uasa
615 545 719 630 plena
741 548 784 610 de
806 545 907 611 melle
926 593 934 609 .
952 565 997 610 ex
1014 593 1022 610 .
1041 544 1106 608 hac
1122 552 1163 612 t.
1184 594 1191 608 .
1212 593 1250 612 ..

194 641 239 704 ab
252 642 379 707 omnib:
398 645 619 711 saeculariarir
638 648 716 710 reni
733 639 885 712 seruitiis
902 645 1057 729 exceptis
1074 644 1143 709 his,
1161 646 1250 709 arcis

194 747 230 804 et
268 743 384 825 pontis
425 746 658 811 astructione.
686 755 758 831 atq:
800 746 999 830 expedition
1212 745 1249 809 Si

195 841 307 906 malus
332 843 435 908 homo
451 846 530 910 trib:
559 846 662 910 uicib:
692 848 728 910 in
751 840 902 930 peccatis
920 846 991 910 suis
1014 846 1249 930 deprehensus

193 939 297 1006 fuerit
311 943 357 1007 'ad
373 945 491 1025 regale
507 946 622 1010 uicum
640 941 802 1011 restituai
819 934 863 1011 ad
883 992 1136 1012 ..........
1235 1027 1239 1032 ,

194 1085 204 1117 ,
222 1087 389 1106 .......
407 1041 497 1131 soris)
520 1048 560 1128 ›1‹
580 1045 657 1128 Ego
679 1044 826 1112 aeeilnod
847 1045 920 1113 dux
937 1047 1050 1110 acensi

195 1184 388 1208 ........
405 1141 497 1231 scrip
520 1148 559 1228 ›1‹
580 1146 707 1211 cudred
729 1147 847 1231 pedis&

273 1247 282 1305 '.
300 1288 309 1305 .
327 1289 358 1309 ..
376 1291 384 1308 .
402 1241 493 1330 scrip
520 1248 559 1328 ›1‹
581 1245 746 1328 uigheard
867 1248 907 1328 ›1‹
930 1244 1065 1310 uulfred

194 1385 389 1408 ........
408 1341 499 1431 scrip
521 1347 560 1427 ›1‹
581 1343 661 1410 esne
867 1348 906 1427 ›1‹
929 1344 1074 1410 eaduulf

243 1439 355 1506 Dorso.
381 1442 489 1509 Carta
504 1445 596 1526 regis
613 1445 758 1511 conuulf
770 1443 826 1509 fia
840 1446 976 1511 wlfledo
989 1446 1031 1510 de
1047 1445 1246 1511 aldantune.

619 1743 824 1811 ΜΧΧΙΧ.

381 1862 652 1961 cornuum
676 1895 740 1961 or
764 1894 973 1974 munem,
995 1897 1072 1962 821.

248 2044 287 2124 ›1‹
308 2038 417 2106 Anno
440 2041 633 2108 dominicae
655 2040 1121 2110 incarnationis.ncco.xx1.
1168 2044 1245 2128 Ego

192 2139 360 2205 cenulfus
397 2162 460 2207 rex
496 2144 649 2208 concedo
679 2145 875 2209 uenerando
909 2154 1015 2228 atque
1044 2146 1081 2210 in
1105 2145 1245 2211 Christo

192 2239 376 2306 karissimo
391 2241 550 2308 Wlfredo
569 2243 840 2328 archiepiscopo,
857 2264 920 2327 pro
944 2246 1096 2309 remedio
1122 2245 1246 2309 salutis

192 2348 365 2422 aetemaa
380 2348 514 2425 partem
531 2350 645 2422 terrae
662 2345 747 2409 iuris
764 2345 831 2410 mei
849 2345 885 2407 in
900 2345 1011 2409 tribus
1027 2345 1126 2424 locis,
1140 2345 1175 2408 id
1192 2352 1246 2410 est

194 2442 433 2525 Coppanstan,
475 2441 711 2522 Gretamarsc‚
744 2450 780 2508 et
809 2443 1089 2523 Scaaldefordan‚
1117 2446 1245 2509 liberas

191 2543 237 2606 ab
255 2542 347 2606 omni
373 2543 542 2607 saeculari
567 2545 710 2609 seruitio
739 2551 775 2608 et
798 2545 894 2626 regio
911 2545 1051 2610 tributo.
1105 2545 1142 2609 Si
1165 2545 1244 2629 quis
1355 2592 1359 2599 .

192 2641 282 2706 hanc
309 2661 421 2706 meam
453 2643 674 2708 donationem
708 2643 895 2726 infringere
920 2647 1155 2728 temptauerit,
1182 2663 1244 2707 au-

193 2740 326 2806 feratur
357 2744 401 2806 ab
433 2762 474 2807 eo
508 2744 643 2826 requies
676 2750 845 2828 perpetua
874 2751 910 2808 et
939 2745 1040 2809 detur
1071 2745 1103 2810 ei
1133 2764 1245 2829 poena

193 2848 344 2906 aeterna.

510 3099 512 3103 -
637 3057 819 3124 MXXX.

274 3279 275 3282 Ἴ
361 3198 672 3265 BEORNUULF
696 3201 761 3265 OF
784 3200 994 3278 ΜΕΒΟΙΑ,
1020 3200 1095 3266 822.

210 3356 212 3361 ’
247 3345 289 3425 ›1‹
312 3340 421 3407 Auno
449 3340 639 3405 dominicae
664 3340 909 3405 incarnationis
927 3358 1139 3406 mcccxxn.
1179 3344 1246 3407 Be-

192 3442 349 3507 omulfus
365 3459 429 3505 rex
443 3441 539 3506 dedit
552 3439 738 3505 aecclesiae
749 3440 878 3505 Christi
893 3449 929 3505 et
940 3442 1122 3506 Wulfredo
1138 3430 1247 3505 archi-

190 3541 356 3626 episcopo
387 3540 432 3603 ad
464 3560 551 3624 opus
584 3539 830 3605 monachorum
861 3542 898 3604 in
930 3543 1049 3606 eadem
1078 3541 1248 3607 aecclesia

193 3642 258 3707 deo
284 3640 514 3705 seruientibus
542 3639 662 3703 uillam
690 3638 975 3719 Godmeresham,
1001 3649 1128 3705 terram
1160 3642 1246 3704 iuris

192 3741 260 3818 sui,
300 3740 461 3807 uidelicet
489 3747 568 3804 octo
601 3748 807 3817 aratrorum,
837 3740 980 3804 liberam
1014 3742 1058 3804 ab
1089 3741 1247 3805 omnibus

191 3842 309 3918 rebus,
326 3840 482 3924 exceptis
510 3839 742 3923 expeditione,
758 3840 874 3922 pontis
898 3847 934 3905 et
949 3840 1039 3905 arcis
1067 3845 1245 3905 construc-

194 3941 305 4007 ⁴tione.¹
