2888 4890
191 365 257 430 216
434 381 621 437 ,cnnnrnu
644 379 986 428 nunnosnxonrcnn.

197 538 351 616 ciuitate,
368 539 461 603 intus
494 539 536 602 ad
566 538 782 602 refectorium
814 536 976 602 fratribus
1007 543 1043 600 et
1072 535 1116 599 ad
1139 535 1246 601 uesti-

198 649 335 717 menta3
367 639 426 703 sed
454 639 703 722 etquicunque
730 639 910 719 episcopus
938 638 998 719 qui
1023 643 1103 700 tunc
1131 656 1247 719 super-

199 738 302 802 fuerit
323 739 485 823 illiusque
508 739 694 803 aecclesiae
717 737 869 819 regimen
887 743 1015 813 teneat,
1033 754 1092 800 eos
1110 736 1154 799 de
1175 738 1247 800 suis

198 839 346 922 propriis
374 839 626 922 episcopalibus
654 837 745 901 uillis
774 836 920 919 pleniter
940 844 1074 920 pascat,
1090 836 1181 899 sicut
1203 837 1247 901 ub
1292 865 1294 868 ⁴

200 939 352 1021 antiquis
376 940 584 1021 temporibus
607 939 655 1001 illi
679 936 871 1001 honorabili
894 936 1044 1000 familiae
1064 955 1086 1000 a
1103 955 1248 1001 uenera-

199 1039 325 1102 bilibus
352 1040 508 1121 patribns
532 1039 756 1102 constitutum
776 1038 854 1102 fuit.
908 1037 1008 1100 Haec
1029 1043 1145 1100 autem
1167 1046 1248 1101 sunt

200 1140 340 1202 nomina
367 1139 525 1203 uillarum
554 1139 656 1202 huius
685 1140 782 1205 meae
808 1137 1024 1216 donationis3
1050 1135 1197 1200 hoc‘est
1213 1137 1249 1200 in

201 1240 410 1304 monasterio
448 1239 540 1321 quod
580 1240 623 1302 ab
662 1238 783 1302 ineolis
824 1237 994 1302 Enedford
1031 1234 1251 1319 nuncupatur

202 1355 308 1404 .xxx.
329 1347 484 1403 cassatas
513 1346 549 1402 et
578 1339 613 1402 in
641 1339 727 1401 uilla
753 1357 844 1421 quae
870 1337 1043 1402 uocitatur
1066 1335 1251 1401 Ceolbald-

201 1439 318 1502 inetun
338 1456 387 1503 .x.
406 1457 556 1515 mansas,
573 1439 723 1521 itemque
745 1440 781 1502 in
805 1438 890 1502 uilla
911 1457 1001 1520 quae
1025 1436 1152 1500 dicitur
1170 1438 1251 1501 AEs-

202 1556 331 1602 emeres
352 1545 469 1603 wem-8
488 1556 539 1603 .x.
553 1546 720 1604 cassatos.
779 1539 826 1602 Et
850 1538 1025 1620 praecipio
1050 1537 1086 1600 in
1113 1537 1252 1602 nomine

201 1645 342 1702 sanctae
361 1646 395 1702 et
414 1638 611 1703 indiuiduae
627 1638 792 1702 trinitatis
809 1645 847 1701 ut
864 1638 929 1702 hae
946 1639 1251 1721 supranominatae

201 1746 314 1801 terrae
333 1739 403 1801 sint
422 1737 643 1807 aeternaliter
661 1739 790 1802 liberae
810 1738 853 1802 ab
871 1738 963 1802 omni
985 1738 1067 1819 iugo
1092 1744 1251 1803 terrenae

200 1839 391 1913 seruitutis
426 1846 573 1921 excepto
609 1839 841 1921 expeditione,
875 1845 910 1902 et
944 1838 1032 1902 arcis
1066 1839 1253 1922 pontisque

201 1937 468 2002 constructione.
529 1937 677 2002 Necnon
699 1946 734 2002 et
756 1938 822 2002 hoc
847 1937 1021 2020 praecipio
1048 1937 1084 2000 in
1114 1939 1252 2002 nomine

204 2039 449 2120 omnipotentis
471 2025 648 2120 dei,'quod
673 2039 788 2102 nullus
811 2058 874 2102 rex
900 2044 962 2102 aut
984 2037 1180 2120 episcopus,
1197 2039 1251 2104 uel

202 2138 328 2220 aliquis
359 2139 448 2202 alius
478 2146 611 2222 potens,
636 2140 682 2203 sit
708 2146 780 2202 tam
809 2138 923 2202 audax
954 2145 993 2201 ut
1024 2137 1126 2201 huius
1155 2157 1252 2202 meae

202 2238 396 2302 donationis
412 2239 607 2302 condictum
619 2257 835 2303 commonere
849 2257 910 2301 seu
927 2236 1141 2319 confringere
1154 2258 1253 2320 prue-

203 2346 328 2401 sumat.
368 2338 459 2402 Uolo
476 2340 593 2421 itaque
608 2346 648 2403 ut
666 2338 749 2403 baec
767 2338 966 2421 supradicta
978 2337 1109 2401 familia
1126 2347 1252 2402 semet-

201 2437 313 2519 ipsam
335 2458 399 2521 pro
415 2458 469 2502 me
484 2440 592 2503 tribus
610 2438 730 2502 diebus
747 2439 782 2501 in
805 2458 895 2502 anno
914 2446 1046 2520 pascat,
1062 2437 1127 2501 boc
1146 2445 1201 2502 est
1217 2439 1252 2502 in

202 2538 393 2602 festiuitate
416 2537 578 2603 Omnium
598 2545 807 2615 sanctornm,
831 2545 867 2601 et
886 2537 1049 2621 quamdiu
1071 2535 1254 2602 christian·

202 2638 270 2701 itas
292 2637 521 2720 permanserit
545 2639 580 2703 in
601 2639 667 2702 hac
689 2639 804 2701 insula
829 2639 899 2701 sint
920 2639 971 2701 illi
997 2638 1064 2700 mei
1085 2637 1253 2703 interces-

202 2757 298 2802 sores
321 2739 364 2802 ad
387 2739 573 2804 dominum.
637 2738 674 2802 Si
697 2739 774 2822 quis
798 2757 881 2801 uero
903 2738 993 2802 bane
1015 2755 1127 2801 meam
1144 2738 1253 2804 dona·

202 2837 331 2903 tionem
360 2838 532 2920 adaugere
559 2824 719 2915 uoluerit,
750 2838 921 2918 adaugeat
949 2837 1033 2902 deus
1063 2839 1253 2920 praemium

203 2938 276 3001 eius
306 2939 340 3001 in
371 2959 478 3021 regno
510 2939 693 3003 coelorum.
746 2939 783 3002 Si
811 2938 888 3021 quis
921 2946 1036 3002 autem
1064 2938 1253 3003 instituerit

202 3038 367 3116 minuere,
382 3040 558 3103 minuatur
577 3058 705 3103 merces
723 3039 796 3102 eius
813 3039 849 3101 in
866 3058 973 3120 regno
990 3038 1057 3116 dei,
1074 3037 1140 3102 nisi
1155 3039 1252 3120 prius

204 3156 280 3199 cum
297 3137 535 3203 satisfactione
555 3139 798 3204 emendauerit.
852 3137 999 3203 Necnon
1021 3145 1056 3202 et
1077 3139 1255 3222 praecipio

204 3244 242 3300 ut
270 3257 389 3302 omnes
413 3259 530 3303 eorum
560 3246 672 3303 terrae
702 3259 789 3321 quas
819 3239 885 3302 mei
914 3237 1162 3320 consanguinei
1191 3257 1256 3303 seu

202 3337 309 3419 aliqui
338 3338 455 3402 fideles
487 3340 556 3403 illis
588 3339 756 3403 dederunt
783 3340 817 3402 in
849 3339 915 3402 bac
944 3339 1062 3403 eadem
1091 3337 1254 3403 libertate

203 3439 283 3501 sint.
336 3437 417 3502 Hoc
435 3459 517 3503 uero
539 3440 764 3503 constitutum
786 3439 850 3502 suit
870 3439 906 3502 in
931 3439 1038 3519 regali
1058 3438 1142 3502 uilla
1162 3456 1253 3519 quae

204 3539 247 3600 ab
257 3539 415 3602 omnibus
427 3539 530 3602 From
544 3547 773 3621 nuncupatur,
786 3558 876 3602 anno
891 3539 1081 3603 dominicae
1095 3538 1256 3601 incarna-

203 3638 307 3701 tionis
327 3656 622 3703 mocoexxxnn.
649 3639 836 3703 indictione
863 3656 937 3703 .v11.
970 3656 1070 3704 .xvn.
1084 3636 1254 3702 kalendas

203 3738 369 3815 Ianuarii,
386 3758 463 3803 cum
480 3759 597 3803 eorum
619 3740 815 3803 testimonio
836 3758 982 3821 quorum
1002 3737 1141 3802 nomina
1161 3737 1255 3802 infra

201 3840 398 3921 conscripta
430 3841 600 3904 uidentur.
651 3839 713 3902 Dis
745 3839 880 3921 syndon
909 3826 998 3902 ’dara
1029 3853 1138 3902 .xxx,
1168 3829 1255 3904 hida

202 3928 354 4020 gemaera
377 3930 416 4003 t6
439 3940 646 4005 Enedforda.
714 3939 832 4003 AErest
850 3939 891 4003 of
910 3937 1047 4003 Afenan
1067 3926 1255 4004 eaststabae

202 4033 274 4123 dpp
291 4061 335 4104 on
351 4037 395 4102 da
411 4029 468 4103 dic
485 4030 523 4105 td
545 4028 627 4105 bam
646 4040 824 4113 weallum;
850 4039 890 4102 of
905 4026 987 4103 bam
1002 4037 1148 4104 weallon
1167 4039 1255 4103 and-

201 4139 282 4221 lang
309 4137 498 4223 heerpadecs
523 4130 597 4206 into
621 4140 736 4206 lortan
756 4140 896 4214 blaewe3
921 4138 962 4203 of
983 4139 1098 4203 lortan
1119 4136 1255 4206 hlaewae
