2888 4890
460 377 632 423 casuras
659 378 1001 428 nnenosnxomcaa.
1188 370 1254 434 323

199 537 314 594 autem
341 550 409 594 non
439 532 601 595 uidentur
629 540 772 598 aeterna
800 535 914 612 sunt3'
942 535 1020 598 ideo
1050 536 1188 601 caducis
1215 548 1252 604 et

199 630 298 693 uanis
330 631 433 693 rebus
465 638 608 694 aeterna
637 639 672 695 et
706 632 835 711 iugiter
866 651 1091 713 permansura
1123 638 1251 718 gaudia

197 728 355 791 coelestis
368 729 501 810 patriae
516 749 723 812 magnopere
737 731 920 794 mercanda
932 741 1025 797 sunt.
1066 732 1250 818 Quaprop-

197 835 251 890 ter
276 847 341 908 ego
370 829 519 904 Eadred,
545 830 658 909 gratia
685 829 740 892 dei
768 829 1042 894 occidentalium
1070 832 1247 898 Saxonum

198 946 272 1002 rex,
290 946 353 1008 pro
374 927 524 991 remedio
541 929 676 991 animae
693 947 801 1004 mcae,
815 929 966 1012 aliquam
984 939 1119 1012 partem
1137 939 1249 997 terrae

196 1025 281 1089 iuris
297 1027 364 1088 mei
384 1046 460 1090 meo
484 1027 641 1090 ministro
663 1026 824 1093 (lutiredo
844 1029 880 1090 iu
902 1036 1104 1110 perpetuam
1128 1031 1247 1096 haere·

196 1123 340 1188 ditatam
363 1124 509 1189 libenter
535 1126 682 1207 largitus
704 1147 793 1203 sum,
816 1127 850 1190 id
880 1136 934 1191 est
959 1145 1005 1192 .V.
1032 1136 1186 1193 cassatos
1211 1132 1247 1193 in

196 1221 273 1286 loco
299 1225 359 1306 qui
384 1224 581 1306 appellatur
609 1225 853 1306 Bedalacinge,
875 1226 941 1290 hoc
968 1234 1032 1303 est,
1055 1234 1094 1291 ut
1121 1228 1247 1294 habeat

196 1329 302 1404 atque
324 1324 500 1404 possideat
519 1324 708 1406 praefatam
729 1334 856 1389 terram
879 1345 956 1389 cum
974 1326 1132 1389 omnibus
1153 1328 1247 1390 utili-

197 1421 327 1484 tatibus
351 1422 396 1486 ad
419 1442 496 1487 eam
516 1424 777 1505 pertinentibus,
793 1425 936 1505 campis,
955 1425 1075 1506 pratis,
1096 1427 1246 1507 pascuiS,

196 1520 360 1600 quamdiu
378 1522 593 1604 omnipotens
614 1522 697 1586 deus
720 1523 868 1586 uoluerit
884 1531 924 1586 ut
945 1523 1000 1587 hic
1016 1525 1084 1587 ista
1100 1526 1173 1588 uita
1186 1526 1245 1589 de·

195 1626 351 1683 moratus
380 1619 503 1699 fuerit3
538 1630 573 1685 et
604 1629 683 1701 post
717 1620 819 1685 finem
847 1622 941 1686 uitae
973 1622 1077 1696 illius,
1107 1624 1245 1688 haeredi

196 1719 397 1801 cuicumque
417 1719 586 1800 placuerit
607 1720 749 1784 liberam
772 1719 897 1784 habeat
911 1720 1062 1785 donandi
1084 1723 1140 1785 uel
1163 1743 1244 1786 con·

195 1817 337 1890 cedendi
354 1825 570 1901 potestatem.
621 1819 731 1882 Terra
748 1827 863 1882 antem
880 1820 1058 1901 praedicta
1072 1840 1194 1885 secura
1210 1831 1244 1887 et

194 1916 344 1980 inmunis
358 1926 558 1999 permaneat
573 1918 617 1980 ab
637 1918 730 1980 omni
747 1919 857 1998 regali
873 1919 1026 1995 seruitio,
1042 1928 1077 1983 et
1092 1922 1243 1984 omnium

194 2016 420 2079 saecularium
443 2017 621 2093 seruitute,
639 2017 705 2079 uisi
725 2016 955 2098 expeditione,
979 2024 1014 2080 et
1037 2020 1153 2098 pontis
1173 2019 1244 2082 fac-

194 2115 300 2191 tione,
318 2122 353 2179 et
375 2116 464 2179 arcis
484 2116 685 2178 munitione.
736 2115 773 2178 Si
794 2117 871 2197 quis
896 2116 984 2180 banc
1003 2135 1115 2179 meam
1137 2118 1243 2181 doua-

195 2213 323 2277 tionem
355 2233 482 2295 augere
511 2221 546 2278 et
579 2214 789 2294 amplificare
818 2214 980 2292 uoluerit,
1010 2223 1136 2296 augeat
1158 2216 1243 2280 deus

194 2313 285 2376 bona
299 2313 392 2376 illius
409 2313 464 2377 bio
483 2314 568 2377 etin
589 2314 716 2378 futuro.
769 2314 807 2377 Si
823 2333 906 2377 uero
921 2315 998 2398 quis
1015 2315 1172 2396 frangere
1187 2316 1245 2379 uel

192 2419 327 2476 mutare
349 2413 630 2495 praesumpserit,
646 2419 768 2476 noscat
789 2433 827 2476 se
843 2421 923 2477 ante
942 2415 1093 2478 tribunal
1113 2416 1244 2479 aeterni

193 2512 316 2575 iudicis
342 2513 378 2575 in
397 2513 453 2576 die
473 2512 591 2578 iudicii
612 2513 780 2576 rationem
803 2513 1026 2607 redditurpm,
1051 2515 1117 2577 nisi
1140 2523 1245 2578 antea

192 2612 429 2677 satisfactione
455 2612 697 2678 emendauerit.
760 2613 897 2694 Scripta
931 2621 984 2677 est
1014 2621 1129 2677 autem
1159 2613 1244 2677 baec

192 2712 335 2776 scedula
357 2732 449 2776 anno
466 2713 510 2776 ab
525 2712 762 2775 incarnatione
777 2710 906 2776 Christi
923 2729 1189 2777 mccccxnvffl.
1208 2715 1244 2776 iu

192 2811 270 2877 loco
288 2813 347 2893 qui
367 2811 562 2894 appellatur
586 2810 739 2887 Subtun3
767 2812 843 2874 istis
865 2813 1011 2876 testibus
1028 2814 1242 2877 consentien-

191 2911 285 2975 tibus
302 2930 447 2993 quorum
464 2912 604 2974 nomina
619 2910 710 2974 infra
726 2911 857 2992 scripta
871 2911 1032 2976 uidentur
1048 2932 1133 2978 esse.

248 3013 287 3092 »14
309 3011 387 3092 Ego
405 3009 542 3074 Eadred
568 3030 631 3075 rex
659 3011 825 3074 consensi.
900 3013 938 3093 »14
968 3011 1044 3091 Ego
1069 3010 1249 3075 AEbeluuls

191 3110 264 3173 dux
293 3111 461 3174 consensi.
522 3111 561 3190 »14
595 3110 670 3190 Ego
686 3109 894 3174 Beorhtfeffi
925 3109 1015 3173 filius
1044 3112 1135 3190 regis
1163 3129 1244 3173 con-

191 3209 294 3273 sensi.
364 3212 403 3291 »14
436 3210 513 3290 Ego
532 3209 708 3273 Heremod
736 3209 926 3291 presbyter.
997 3211 1036 3290 »14
1064 3210 1142 3291 Ego
1161 3209 1242 3273 Mil-

192 3308 251 3372 red
278 3309 433 3372 minister
460 3309 626 3372 consensi.
683 3310 722 3389 »14
746 3308 823 3389 Ego
839 3308 970 3372 Cunlaf
991 3309 1147 3373 minister
1162 3329 1241 3372 con-

190 3408 293 3473 sensi.
343 3409 382 3488 »14
406 3407 482 3489 Ego
501 3406 694 3472 AEttelwulf
710 3408 865 3470 minister
880 3408 1048 3471 consensi.
1106 3410 1145 3489 »14
1165 3408 1242 3488 Ego

191 3506 326 3570 AElfred
351 3507 507 3570 minister
530 3506 697 3570 consensi.
755 3507 794 3586 »14
823 3506 899 3586 Ego
922 3506 1066 3570 AEscred
1090 3506 1243 3568 minister

192 3606 361 3670 consensi.
418 3607 457 3687 »14
480 3605 557 3686 Ego
581 3603 767 3668 Cuneheab
795 3605 950 3668 minister
973 3604 1141 3669 consensi.
1197 3605 1236 3684 »14

192 3705 269 3787 Ego
302 3703 486 3769 ceolberht
520 3704 676 3767 minister
707 3704 877 3767 consensi.
943 3705 982 3785 »14
1013 3703 1090 3784 Ego
1124 3701 1243 3766 Mucel

190 3805 346 3868 minister
370 3804 535 3870 consensi.
592 3805 631 3884 »14
661 3803 737 3884 Ego
764 3802 956 3867 Heahwulf
979 3802 1133 3865 minister
1160 3820 1241 3864 con-

191 3905 294 3968 sensi.
352 3906 391 3986 »14
423 3903 499 3985 Ego
531 3902 752 3968 Weobtbelm
785 3902 941 3967 minister
971 3901 1139 3966 consensi.
1198 3902 1237 3981 »14

193 4003 269 4085 Ego
284 4003 455 4087 Gyuei'ertt
473 4003 629 4068 minister
644 4002 811 4066 consensi.

1070 4213 1113 4255 Y2
