2888 4890
405 336 578 428 curnula
606 377 942 426 ruenosrxonronn.
1133 359 1199 425 237

143 540 178 597 et
196 551 273 596 cum
290 533 391 615 signo
413 533 513 616 agiae
535 533 648 597 crucis
666 533 732 597 hoc
747 534 875 597 donum
899 541 934 599 et
951 533 1039 598 hanc
1059 543 1197 599 senten·

144 634 229 697 tiam
240 633 452 716 praedictam
469 632 683 697 confirmaui.
741 635 779 715 ›1‹
792 634 869 715 Ego
882 634 1090 698 AEttelredus
1103 635 1195 699 Lon-

143 732 317 796 doniensis
342 733 438 797 urbis
465 734 647 816 episcopus
668 734 827 796 consensi
844 741 879 798 et
895 735 1095 817 subscripsi.
1152 737 1191 816 ›1‹

145 832 220 913 Ego
259 831 467 897 cenwaldus
508 834 691 915 episcopus
728 833 886 896 consensi
926 841 961 897 ct
997 835 1195 916 subscripsi.

148 934 187 1014 ›1‹
210 932 287 1014 Ego
314 931 490 996 AElfredus
524 933 707 1015 episcopus
738 933 896 996 consensi
929 940 965 996 et
997 935 1196 1016 subscripsi.

149 1034 188 1113 ›1‹
208 1030 451 1115 EgoCaynan
473 1031 655 1115 episcopus
672 1033 830 1096 consensi
844 1038 879 1095 et
896 1034 1094 1115 subscripsi.
1152 1034 1191 1113 ›1‹

143 1131 220 1214 Ego
239 1131 416 1214 ngynus
434 1133 617 1215 episcopus
645 1131 802 1194 consensi
823 1139 859 1195 et
882 1132 1082 1214 subscripsi.
1152 1134 1191 1213 ›1‹

144 1231 221 1313 Ego
253 1231 460 1314 Radulphus
499 1231 682 1314 episcopus
726 1231 886 1295 consensi
923 1240 959 1295 et
997 1233 1196 1314 subscripsi.

148 1332 187 1411 ›1‹
208 1331 285 1412 Ego
304 1331 511 1395 Brinstanus
537 1330 719 1413 episcopus
747 1330 906 1394 consensi
934 1338 969 1395 et
996 1332 1195 1413 subscripsi.

148 1433 188 1513 ›1‹
211 1430 288 1512 Ego
313 1429 396 1494 Alla
421 1430 604 1513 episcopus
629 1429 789 1493 consensi
810 1437 846 1493 et
873 1429 1072 1513 subscripsi.
1152 1434 1191 1514 ›1‹

144 1531 221 1611 Ego
235 1529 402 1594 Osferdus
417 1530 578 1612 princeps
593 1529 752 1593 consensi
770 1537 805 1594 et
820 1530 1017 1612 subscripsi.
1068 1531 1107 1611 ›1‹
1120 1531 1196 1612 Ego

144 1628 321 1693 AElfredus
335 1629 491 1693 minister
506 1629 634 1693 domini
656 1629 748 1710 regis
764 1631 921 1692 consensi
944 1637 979 1694 et
997 1630 1196 1712 subscripsi.

143 1731 188 1811 ,ᾧ
212 1729 288 1810 Ego
304 1726 556 1793 AEttelmundus
574 1729 733 1792 minister
756 1729 914 1792 consensi
941 1738 976 1793 et
997 1729 1196 1812 subscripsi.

149 1830 188 1910 ›1‹
209 1827 302 1893 Acta
318 1835 372 1892 est
387 1828 472 1893 baec
489 1836 610 1892 nostra
626 1828 765 1891 donatio
781 1835 816 1892 et
831 1830 1007 1892 concessio
1031 1849 1072 1893 ac
1098 1849 1197 1911 prae·

143 1929 251 1992 sentis
284 1936 424 1993 nostrae
453 1934 571 1992 cartae
599 1927 813 1991 confirmatio
844 1948 933 1993 anno
965 1931 1009 1992 ab
1042 1930 1197 1992 incarna-

144 2027 237 2093 tione
261 2028 390 2093 domini
420 2043 640 2091 .nccc.xr.111.
661 2027 698 2091 in
720 2027 805 2091 uilla
832 2028 940 2108 regali
964 2047 1054 2110 quae
1071 2028 1197 2091 dicitur

145 2127 401 2207 Dorcacestria,
416 2128 569 2192 secunda
584 2126 640 2191 die
655 2127 807 2211 paschae
822 2127 963 2191 domini.

589 2424 760 2489 Mcxx.

471 2542 762 2652 AEnsnsmin,
784 2573 875 2639 sao.l

200 2723 239 2803 ›1‹
268 2719 483 2786 Ascnnems
503 2723 663 2803 agonista
688 2722 937 2787 sermocinatus
962 2730 1014 2787 est
1033 2704 1070 2786 in
1087 2725 1197 2807 scrip-

144 2821 231 2886 turis
258 2821 397 2896 diuinis,
415 2821 564 2885 ‘Omnia
579 2841 668 2904 quae
690 2822 852 2886 uidentur
870 2823 1074 2905 temporalia
1095 2832 1197 2901 sunt,

144 2940 234 3005 quae
260 2928 376 2984 autem
401 2940 470 2984 non
486 2920 650 2986 uidentur
664 2921 827 2988 aeterna!
873 2921 1009 2986 Idcirco
1023 2923 1198 3005 superflua

144 3021 320 3085 utentibus
343 3020 481 3084 diuinus
504 3040 616 3085 sermo
643 3030 683 3085 ut
705 3021 928 3104 suprataxati
953 3040 1072 3086 sumus
1095 3025 1196 3087 terri·

144 3121 260 3185 biliter
283 3125 497 3202 praemonet,
525 3127 564 3184 ut
587 3121 689 3184 huius
714 3122 843 3186 saeculi
866 3121 998 3185 caduca
1020 3129 1197 3207 contemp-

145 3226 266 3285 nentes
299 3219 539 3303 spiritaliaque
570 3221 746 3284 imitantes
779 3221 945 3285 coelestia
972 3241 1195 3304 properemus

145 3320 187 3385 ad
204 3339 312 3403 tegna
328 3319 335 3383 !
399 3317 623 3403 Quapropter
645 3339 711 3402 ego
727 3320 965 3400 AEttelstanuS,
981 3322 1098 3386 diuina
1113 3321 1196 3386 mibi

143 3418 324 3499 adridente
339 3418 464 3500 gratia,
480 3438 543 3483 rex
565 3418 758 3501 Anglorum
788 3427 823 3484 et
847 3439 957 3503 aeque
982 3422 1095 3486 tocius
1117 3422 1196 3485 Bri-

144 3519 283 3584 tanniae
309 3518 509 3600 curagulus,
532 3519 684 3602 aliquam
715 3526 848 3602 partem
876 3527 989 3584 terrae
1015 3521 1101 3584 iuris
1128 3522 1196 3585 mei

145 3618 338 3703 perpetuali
356 3616 541 3683 donatione
555 3619 701 3683 libenter
723 3620 875 3683 concedo
893 3618 1029 3682 cuidam
1053 3627 1196 3684 sanctae
1308 3692 1318 3703 ³

145 3717 399 3783 conuersatioui
424 3718 560 3783 deditae
581 3717 712 3783 Christi
739 3719 886 3782 ancillae
909 3719 1046 3782 nomine
1064 3718 1196 3782 Wulfs-

145 3821 246 3902 wytle
269 3824 411 3881 eatenus
426 3825 465 3882 ut
480 3819 548 3881 mei
562 3819 761 3884 memoriam
784 3818 856 3883 suis
880 3819 1010 3883 sanctis
1034 3819 1197 3882 orationi-

144 3920 210 3984 bus
237 3916 469 3982 indesinenter
497 3917 624 3984 habeat
653 3934 724 3984 .xv.
748 3938 888 3984 mansas
918 3917 1060 3999 agelluli
1096 3919 1197 3983 iuxta

144 4017 341 4100 diriuatiuis
365 4016 546 4083 fluentium
577 4019 792 4083 successibus
819 4025 866 4084 aet
884 4017 1055 4101 Cynetan,
1072 4018 1108 4081 in
1137 4019 1197 4083 illo

484 4161 491 4192 ¹
509 4160 570 4211 Vid.
582 4161 633 4210 No.
645 4159 866 4212 CCCLXXVIII.
