2888 4890
182 354 231 417 ‘50
449 370 622 419 curasan
645 368 989 418 nnccosnxomcnn.

190 529 272 612 quid
291 529 483 611 possimus3
508 537 543 593 et
556 529 633 593 ideo
651 549 727 593 cnm
748 529 889 592 terrenis
907 535 942 592 et
953 527 1091 591 caducis
1109 533 1254 592 aeterna

190 630 343 711 praemia
359 630 542 694 mercanda
564 638 655 694 sunt.
709 628 931 711 Quapropter
952 648 1017 710 ego
1036 627 1251 704 Osmundus,

191 737 335 811 rogatus
370 749 390 793 a
429 730 554 793 comite
592 749 669 793 meo
702 729 891 792 uenerabili
918 727 1110 793 Warbaldo
1144 734 1252 810 atque

191 848 301 892 uxore
325 829 418 893 illins
435 828 622 911 Tidbnrge‚
640 836 680 893 ut
697 829 760 892 sibi
784 828 1037 912 aliquantulam
1059 835 1188 891 terram
1206 826 1251 890 ad

191 929 392 993 aecclesiam
414 930 508 994 beati
528 930 625 993 Petri
649 928 811 1011 apostoli,
838 947 928 1012 quae
953 929 1000 992 ibi
1025 927 1094 992 sita
1119 934 1185 1002 est,
1214 928 1251 989 in

191 1028 268 1093 loeo
299 1030 358 1112 qui
396 1030 522 1094 dicitur
556 1028 730 1092 Hanefeld
757 1045 832 1093 .XV.
859 1027 1077 1092 manencium
1111 1027 1147 1090 in
1174 1046 1251 1109 per-

191 1135 330 1210 petuam
360 1131 512 1194 attribuo
539 1129 804 1211 possessionem,
826 1148 904 1192 cnm
931 1129 1090 1192 omnibus
1111 1127 1252 1190 adeam

191 1229 443 1310 pertinentibus
471 1229 586 1306 rebus,
617 1228 651 1291 id
685 1235 751 1306 est,
784 1228 926 1310 campis,
952 1228 1061 1302 siluis
1100 1227 1251 1308 pascuis

192 1329 313 1409 pratis,
342 1328 552 1405 fluminibus
579 1328 742 1392 fontanis.
799 1324 891 1391 Acta
918 1335 971 1391 est
1002 1327 1087 1391 haee
1115 1326 1252 1390 cartula

192 1447 280 1490 anno
319 1429 363 1491 ab
398 1428 635 1492 incarnatione
672 1426 801 1491 domini
841 1427 950 1490 nostri
985 1426 1088 1489 lhesu
1120 1424 1251 1490 Christi

193 1543 379 1591 poduxit.
398 1565 447 1579 -
464 1527 599 1591 Deinde
636 1533 828 1609 sequuntur
861 1527 998 1590 bundao
1031 1527 1105 1590 siue
1136 1533 1251 1590 metae

191 1632 304 1689 terrae
320 1626 517 1708 praedictae
533 1628 568 1690 in
586 1627 707 1708 lingua
720 1624 918 1690 Santonica.1

248 1728 286 1807 ›1‹
306 1725 382 1807 Ego
409 1726 607 1790 Osmundus
639 1747 701 1790 rex
735 1727 825 1790 hanc
856 1726 1076 1790 donationem
1110 1726 1252 1808 propria

192 1843 296 1888 manu
322 1827 521 1909 subscripsi.
590 1829 628 1908 ›1‹
654 1826 730 1908 Ego
759 1825 832 1889 Osa
862 1825 1141 1907 archiepiscopus
1167 1844 1251 1889 con·

191 1925 284 1987 sensi
311 1934 347 1989 et
371 1927 571 2008 subscripsi.
628 1928 667 2008 »Β
693 1926 770 2007 Ego
799 1925 924 1989 Hedde
953 1926 1135 2007 episcopus
1169 1945 1251 1989 con·

192 2024 283 2087 sensi
300 2032 334 2088 et
352 2027 547 2107 subscripsi.
606 2027 644 2106 ›1‹
664 2026 740 2106 Ego
759 2026 953 2108 Eadbright
971 2027 1152 2108 episeopus
1170 2045 1252 2089 con-

191 2124 283 2187 sensi
299 2132 334 2188 et
352 2125 550 2207 subscripsi.
609 2127 647 2206 ›1‹
670 2125 746 2207 Ego
767 2124 846 2188 offa
862 2145 938 2189 curn
958 2124 1251 2207 supranominatis

191 2224 345 2303 personis
362 2223 451 2288 hanc
467 2223 666 2307 paginulam
683 2225 795 2288 libens
811 2225 941 2289 munio.
1012 2227 1050 2306 ›1‹
1071 2225 1148 2306 Ego
1160 2224 1250 2288 Wil-

191 2321 256 2383 lrid
283 2324 465 2407 episcopus
496 2326 663 2389 consensi.
728 2325 768 2406 ›1‹
792 2324 869 2406 Ego
888 2324 1028 2388 Brodda
1055 2325 1136 2388 dux.
1205 2325 1245 2406 ›1‹

192 2420 269 2502 Ego
287 2423 488 2488 Berhtwald
504 2425 586 2488 dux.
637 2427 676 2504 »Β
700 2424 776 2505 Ego
793 2424 951 2488 Eadbald
967 2424 1052 2488 dux.
1111 2425 1151 2506 ›1‹
1172 2424 1250 2506 Ego

191 2519 282 2584 Esne
298 2523 380 2588 dux.
432 2526 471 2606 »Β
492 2525 568 2606 Ego
585 2521 721 2588 Aldwlf
733 2524 818 2600 dux,
837 2523 916 2589 etc.1

675 2826 768 2890 MX.

292 2967 613 3036 AEDELBERHT
637 2971 702 3036 OF
724 2974 924 3054 SUSSEX,
948 2978 1055 3042 about
1071 2979 1148 3044 774.

252 3117 290 3196 ›1‹
312 3115 357 3180 ΙΝ
388 3119 523 3182 nomine
555 3119 611 3182 dei
644 3123 788 3188 summi!
838 3123 914 3206 Ego
931 3126 1154 3195 AEtielbertus
1185 3149 1248 3192 rex

192 3213 441 3294 Sussaxonum‚
462 3217 601 3283 domino
625 3230 790 3302 regnante
813 3225 1076 3308 imperpetuum,
1094 3227 1249 3311 aliquam

191 3320 325 3394 partem
356 3321 468 3380 terrae
498 3317 584 3382 iuris
615 3320 694 3397 mei,
722 3322 765 3385 ad
788 3326 1053 3389 constmendum
1075 3335 1249 3392 monaste-

192 3413 292 3489 rium,
310 3412 463 3478 Diozsan
477 3419 667 3482 uenerabili
689 3421 765 3485 uiro
782 3422 839 3499 do,
856 3444 919 3506 pro
942 3426 1091 3490 remedio
1112 3428 1249 3493 animae

191 3531 299 3588 meae,
324 3511 440 3576 decem
474 3523 509 3578 et
540 3525 618 3582 octo
647 3528 836 3598 manentes,
864 3524 900 3586 in
928 3524 1005 3588 loco
1038 3527 1097 3608 qui
1122 3526 1250 3592 dicitur

191 3610 402 3692 Wystrings
423 3632 500 3676 curn
523 3618 679 3681 omnibus
702 3619 745 3682 ad
767 3640 804 3684 se
825 3623 1087 3704 pertinentibus,
1103 3628 1248 3709 campis,

193 3708 302 3786 siluis
324 3717 359 3773 et
376 3711 562 3791 piscalibus
591 3716 810 3795 fluminibus3
839 3724 945 3787 etita
968 3724 1110 3788 firmiter
1126 3733 1162 3790 et
1177 3727 1249 3792 im·

192 3808 414 3886 mutabiliter,
430 3811 466 3873 in
487 3822 660 3894 potestate
681 3822 872 3899 praesentis
894 3824 960 3887 uiri
984 3825 1138 3888 Diozsan
1160 3824 1248 3891 haec

193 3905 332 3971 donatio
363 3921 574 3991 permaneat,
601 3923 640 3980 ut
667 3918 781 3983 nullus
814 3929 894 4003 post
928 3924 1060 3988 obitum
1089 3933 1247 3991 nostrum

193 4013 328 4070 mutare
352 4016 413 4072 aut
429 4012 581 4077 minuere
598 4027 807 4098 praesumat.

646 4137 652 4165 ¹
670 4142 712 4190 Sic
724 4145 781 4195 MS.
