2888 4866
448 369 622 419 cunnrnn
648 368 993 417 nneuosnxonrcnn.
1187 354 1251 431 197

200 523 275 606 Ego
299 523 471 609 Wulfsige
501 527 657 591 minister
685 529 840 591 consensi
871 535 905 590 et
937 526 1136 608 subscripsi.
1204 530 1243 610 »14

198 623 275 705 Ego
286 625 452 689 AElfbeab
469 626 624 692 minister
639 628 796 692 consensi
810 634 844 690 et
861 626 1059 708 subscripsi.
1119 629 1157 710 »14
1174 626 1249 707 Ego

198 724 358 789 AElfhere
376 727 530 793 minister
546 729 702 793 consensi
720 735 755 791 et
772 727 970 808 subscripsi.
1027 729 1066 809 »14
1078 725 1251 807 EgoWit-

196 843 261 905 ger
284 825 439 890 minister
462 829 619 892 consensi
645 835 680 892 et
704 828 903 910 subscripsi.
970 827 1009 906 »14
1034 826 1110 907 Ego
1130 826 1250 890 AE’oel·

197 924 287 989 wold
314 926 468 991 minister
494 927 651 993 consensi
682 936 717 993 et
748 928 945 1009 subscripsi.
1002 929 1041 1008 »14
1066 927 1141 1007 Ego
1158 926 1249 990 Ead-

149 1069 151 1073 ψ
193 1023 248 1088 ric
264 1026 420 1090 minister
434 1029 591 1092 consensi
609 1036 644 1092 et
659 1028 858 1110 subscripsi.
924 1029 963 1108 »14
996 1026 1071 1108 Ego
1100 1026 1249 1108 Wulgar

197 1125 356 1189 minister.
380 1128 540 1192 consensi
566 1136 601 1193 et
626 1128 825 1210 subscripsi.
885 1130 924 1209 »14
967 1126 1043 1208 Ego
1065 1126 1248 1191 Wulfmer

196 1222 352 1290 minister
380 1230 537 1292 consensi
567 1236 602 1293 et
634 1228 832 1310 subscripsi.
912 1227 1045 1312 »14Ego
1061 1226 1247 1291 Wulfbold

115 1360 118 1365 ·
196 1325 354 1390 minister
385 1329 544 1392 consensi
577 1337 612 1395 et
645 1328 842 1410 subscripsi.
900 1329 939 1409 »14
974 1327 1050 1408 Ego
1082 1325 1246 1391 Wult'nob

196 1424 354 1489 minister
386 1430 547 1493 consensi
584 1437 619 1494 et
655 1429 854 1510 subscripsi.
928 1430 967 1509 »14
983 1427 1058 1509 Ego
1097 1427 1245 1509 AElt'sige

196 1525 532 1593 ministerconsensi
558 1537 593 1594 et
620 1529 819 1611 subscripsi.
880 1529 919 1608 »14
943 1528 1019 1608 Ego
1043 1525 1244 1591 AEbeweard

193 1624 350 1690 minister
363 1629 520 1694 consensi
533 1637 567 1694 et
581 1629 778 1712 subscripsi.
828 1630 867 1709 »14
883 1627 959 1709 Ego
974 1628 1122 1696 Eadelm
1132 1629 1247 1691 minis-

192 1732 249 1791 ter
275 1727 435 1792 consensi
456 1736 491 1794 et
514 1729 712 1811 subscripsi.
761 1728 907 1810 .›1‹Ego
938 1728 1069 1791 Eadulf
1092 1728 1248 1793 minister

190 1827 352 1891 consensi
384 1835 421 1893 et
452 1828 649 1912 subscripsi.
709 1829 861 1912 »1413ςο
896 1828 1055 1893 AElfbere
1091 1829 1247 1894 minister

194 1927 355 1991 consensi
369 1936 404 1993 et
419 1931 618 2012 subscripsi.
675 1931 715 2011 »14
733 1929 810 2010 Ego
827 1929 976 2010 Eadsige
993 1928 1150 1992 minister
1164 1949 1245 1994 con·

193 2025 288 2089 sensi
311 2034 347 2092 et
372 2030 569 2112 subscripsi.
621 2029 757 2112 »14Εςο
781 2028 882 2093 Odds
902 2029 1064 2093 'minister
1087 2032 1249 2094 consensi

194 2132 232 2189 et
254 2127 452 2209 subscripsi.
510 2133 549 2213 »14
572 2131 649 2211 Ego
671 2129 834 2209 Wulsgar
856 2129 1010 2192 minister
1033 2130 1189 2192 consensi
1211 2138 1264 2217 et·

191 2227 394 2311 subscripsi.
451 2233 489 2314 »14
512 2231 588 2312 Ego
606 2229 747 2312 Sigered
765 2229 921 2293 minister
937 2230 1095 2292 consensi
1113 2239 1148 2294 et
1163 2231 1243 2293 sub·

194 2327 329 2409 scripsi.
384 2333 424 2413 »14
446 2331 523 2413 Ego
547 2331 730 2394 AEitelstan
753 2331 909 2393 minister
931 2329 1089 2393 consensi
1109 2336 1144 2393 et
1165 2331 1240 2393 sub·

194 2426 330 2510 scripsi.
373 2433 412 2514 »14
436 2430 512 2512 Ego
536 2431 716 2495 Eedmund
741 2431 896 2495 minister
921 2430 1077 2493 consensi
1106 2437 1141 2493 et
1163 2432 1244 2493 sub·

193 2527 331 2610 scripsi.
406 2533 446 2613 »14
469 2531 748 2614 EgoEedweard
770 2531 927 2594 minister
938 2530 1092 2594 consensi
1109 2537 1143 2592 et
1163 2533 1244 2594 sub·

192 2627 329 2710 scripsi.
375 2633 415 2713 »14
431 2632 507 2714 Ego
526 2632 664 2697 Ordeah
678 2632 833 2695 minister
848 2631 1004 2695 consensi
1020 2638 1055 2694 et
1072 2631 1245 2713 subscrip·

193 2726 237 2793 si.
292 2730 332 2810 »14
355 2732 432 2813 Ego
458 2732 596 2816 Ordgar
619 2733 774 2796 minister
799 2731 957 2795 consensi
983 2738 1018 2794 et
1044 2730 1244 2813 subscripsi.

200 2829 240 2909 »14
262 2827 339 2911 Ego
356 2830 493 2897 Eadred
517 2835 672 2897 minister
701 2832 859 2896 consensi
881 2839 917 2895 et
943 2831 1142 2912 subscripsi.
1198 2834 1238 2914 »14

194 2926 274 3010 Ego
290 2930 414 2996 AElfrio
438 2934 594 2998 minister
612 2933 769 2997 consensi
792 2939 827 2996 et
850 2931 1047 3013 subscripsi.
1105 2934 1144 3014 »14
1166 2931 1243 3013 Ego

196 3026 349 3113 Sigeferb
364 3033 520 3098 minister
534 3035 692 3098 consensi
705 3041 740 3098 et
755 3032 952 3114 subscripsi.
997 3035 1035 3116 »14
1048 3031 1123 3114 Ego
1138 3032 1245 3115 Syde-

193 3138 275 3194 nisn
293 3132 448 3197 minister
461 3135 618 3198 consensi
636 3141 671 3197 et
688 3133 887 3216 subscripsi.
943 3135 982 3214 »14
995 3132 1070 3214 Ego
1089 3132 1244 3214 Sigemer

191 3228 349 3297 minister
361 3236 520 3298 consensi
534 3245 570 3299 et
585 3235 782 3317 subscripsi.
832 3236 871 3315 »14
883 3234 960 3314 Ego
979 3232 1107 3297 AEsred
1126 3234 1244 3297 minis-

192 3336 247 3393 ter
271 3335 427 3397 consensi
450 3340 485 3399 et
510 3335 706 3418 subscripsi.
764 3335 803 3414 »14
827 3334 903 3416 Ego
927 3333 1064 3397 Esdred
1088 3333 1244 3397 minister

117 3489 120 3494 .
192 3433 350 3507 consensi
363 3441 399 3499 et
411 3436 607 3519 subscripsi.
659 3439 698 3516 »14
711 3435 785 3516 Ego
799 3434 983 3518 Syeweard
995 3434 1149 3497 minister
1161 3454 1242 3499 con·

190 3530 286 3599 sensi
302 3539 338 3596 ct
354 3536 552 3620 subscripsi.
603 3538 641 3619 »14
659 3535 735 3616 Ego
753 3533 898 3599 AEiiered
916 3535 1070 3598 minister
1084 3535 1242 3597 consensi

190 3638 228 3694 et
255 3633 453 3718 subscripsi.
510 3639 548 3718 »14
573 3634 649 3718 Ego
675 3635 816 3718 Sigerod
844 3634 998 3698 minister
1022 3634 1180 3697 consensi
1207 3641 1243 3697 ct

189 3731 389 3815 subscripsi.
454 3737 591 3819 ›14Ego
624 3736 798 3818 Sigewold
831 3734 985 3798 minister
1017 3733 1175 3797 consensi
1206 3740 1242 3797 et

190 3831 392 3917 subscripsi.
432 3838 471 3919 »14
502 3837 580 3918 Ego
599 3836 782 3901 AE’Selstan
823 3834 979 3899 minister
1011 3831 1168 3896 consensi
1207 3839 1242 3898 et

189 3932 390 4018 subscripsi.

240 4031 373 4100 Bebrio.
423 4037 487 4101 Dis
500 4038 531 4100 is
548 4028 609 4102 seo
624 4026 770 4100 landboc
788 4053 838 4101 .x.
857 4026 958 4126 hydae
981 4022 1017 4096 ῐὸ
1032 4029 1181 4095 Clearan
1196 4039 1241 4096 tte

190 4124 376 4201 AEdelstfin
392 4137 471 4218 cing
494 4127 637 4203 bocodae
654 4127 811 4201 AEisricae
831 4134 971 4216 biscopc
989 4152 1034 4197 ou
1051 4121 1111 4195 ece
1129 4133 1224 4215 yrtic.
