2888 4890
456 379 628 427 curares
651 379 990 430 nncnosnxomcnn.
1202 364 1245 428 61

191 555 313 618 agrum
330 537 545 620 praedictum
563 539 713 602 familiae
730 558 819 621 quae
838 540 1037 603 morabatur
1054 537 1097 600 ad
1115 540 1243 603 aeccle-

190 638 279 700 siam
317 638 515 715 saluatoris,
552 641 689 703 sibimet
720 640 804 721 ipsis
836 639 871 702 in
910 640 965 701 ius
997 639 1175 720 proprium
1209 648 1244 704 et

191 737 226 799 in
245 737 432 802 dominium
449 740 687 803 communibus
703 739 966 803 necessitatibus
984 739 1027 802 ad
1049 738 1243 803 habendum

192 843 228 899 et
248 836 429 901 fruendum
455 838 624 904 foeliciter
642 840 679 902 in
702 840 851 903 domino.
916 838 983 901 Sed
1008 839 1128 901 harum
1149 847 1244 921 post-

191 937 330 1001 modum
356 940 593 1019 possessiones
620 946 789 1003 terrarum
808 938 887 1002 Offa
912 957 973 1001 rex
992 946 1027 1001 et
1044 938 1149 1001 decus
1166 940 1245 1003 Bri·

191 1037 330 1100 tanniae
349 1038 559 1116 immutauit‚
576 1040 716 1122 suisque
736 1039 911 1103 distribuit
929 1037 1105 1114 ministris,
1128 1039 1244 1103 dicens

191 1135 358 1201 iniustum
376 1157 452 1201 esse
467 1138 559 1222 quod
574 1139 731 1204 minister
748 1139 821 1203 eius
837 1137 1102 1220 praesumpserit
1118 1144 1244 1202 terram

192 1235 257 1298 sibi
281 1256 303 1300 a
328 1237 465 1301 domino
491 1239 708 1304 distributam
733 1241 863 1321 absque
884 1239 957 1301 eius
984 1238 1183 1302 testimonio
1209 1241 1244 1302 in

193 1334 335 1400 alterius
360 1344 567 1420 potestatem
590 1340 683 1404 dare.
745 1339 812 1402 Sed
830 1338 931 1402 modo
956 1345 1072 1401 tamen
1090 1358 1155 1419 ego
1181 1359 1244 1402 rex

195 1434 383 1500 Coenulius
410 1446 535 1519 rogatu
561 1439 708 1521 praefati
737 1439 920 1522 pontificiS,
953 1437 1244 1502 consentientibus

194 1536 351 1600 omnibus
375 1538 545 1622 episcopis
577 1559 618 1602 ac
652 1540 863 1622 principibus
897 1539 1036 1614 nostris,
1060 1538 1245 1602 earundem

194 1641 362 1700 terrarum
389 1639 640 1720 possessionem
669 1659 732 1722 pro
759 1659 836 1703 mea
864 1645 1033 1720 perpetua
1057 1639 1182 1725 salute,
1209 1645 1245 1702 et

192 1753 278 1817 pace
303 1744 338 1801 et
360 1738 508 1802 uictoria
535 1739 763 1803 amicissimae
783 1739 993 1803 Merciorum
1020 1736 1142 1820 plebis,
1165 1758 1245 1802 nec-

192 1854 263 1899 non
284 1843 320 1900 et
344 1837 545 1919 erogatione
570 1840 748 1921 pecuniae,
770 1840 867 1903 cuius
889 1838 1085 1902 aestimatio
1107 1846 1244 1902 centum

193 1942 289 1999 tenet
317 1955 513 2015 mancusas,
542 1939 660 2002 eodem
697 1940 798 2003 modo
834 1946 870 2003 et
895 1937 1014 2001 eadem
1050 1938 1244 2003 conditione

194 2035 268 2099 siue
282 2037 484 2101 aecclesiam
495 2038 623 2103 Christi
641 2059 702 2102 seu
714 2040 816 2102 etiarn
830 2038 892 2101 illa
905 2045 1054 2120 quatuor
1068 2046 1185 2103 aratra
1198 2046 1245 2103 aet

195 2136 312 2200 Burne
330 2139 591 2220 congregationi
607 2145 643 2202 et
658 2138 808 2202 familiae
822 2138 1097 2202 Dorouernensis
1114 2139 1244 2202 aeccle·

195 2236 267 2298 siae
288 2236 325 2299 in
349 2237 403 2301 ius
422 2239 599 2320 proprium
624 2239 667 2301 ad
690 2238 885 2302 habendum
903 2244 1070 2319 perpetuo
1097 2236 1244 2316 donabo,

133 2356 135 2360 ⁴
193 2335 284 2398 sicut
311 2345 393 2400 ante
420 2337 486 2402 suit
513 2338 739 2402 constitutum
764 2344 800 2401 et
824 2336 1055 2401 condonatum
1073 2338 1137 2400 sub
1155 2337 1246 2418 Ecg-

194 2434 316 2499 berhto
346 2455 448 2518 rege:
482 2444 517 2501 et
549 2438 636 2501 hanc
663 2438 884 2502 donationem
909 2455 1021 2500 meam
1052 2436 1116 2499 sub
1148 2436 1245 2500 illus-

145 2605 147 2607 ,
194 2534 298 2597 trium
325 2537 523 2601 testimonio
551 2538 702 2602 uirorum
731 2546 771 2602 ut
792 2539 843 2602 ita
869 2544 1069 2620 permaneat
1101 2544 1243 2600 sanctae

195 2635 307 2698 crucis
326 2635 442 2716 sigillo
458 2637 635 2702 confirmo.
689 2638 799 2701 Facta
814 2646 866 2701 est
884 2637 968 2700 haec
986 2636 1127 2700 donatio
1153 2646 1264 2701 anno'

195 2733 387 2798 dominicae
410 2736 655 2801 incarnationis
685 2736 990 2820 septingentesimo
1022 2737 1244 2817 nonagesimo

195 2853 297 2910 nono,
319 2835 356 2897 in
376 2836 454 2900 nico
478 2838 573 2918 regio
601 2844 647 2901 aet
664 2837 938 2918 Tomeworoige,
962 2836 1021 2918 qui
1042 2843 1095 2899 est
1122 2837 1244 2899 tertius

192 2953 304 2997 armus
318 2934 451 3016 imperii
469 2938 589 3015 nostri,
605 2937 788 3003 indictione
804 2957 887 3001 uero
903 2953 977 3002 .v11.

251 3037 289 3114 ›1‹
313 3034 391 3116 Ego
419 3034 572 3101 Cenuulf
599 3057 662 3100 rex
694 3039 793 3102 testis
824 3037 960 3100 donabo
990 3042 1025 3099 et
1056 3036 1246 3100 subscribo.

201 3133 240 3213 ›1‹
261 3133 337 3215 Ego
360 3135 548 3216 Hygberht
578 3138 854 3219 archiepiscopus
877 3135 1035 3199 consensi
1062 3141 1098 3198 et
1121 3137 1246 3200 scribo.

202 3234 240 3314 ›1‹
258 3232 333 3315 Ego
351 3232 527 3299 Adelhard
546 3237 823 3320 archiepiscopus
841 3236 940 3300 testis
956 3235 1144 3299 subscribo.
1202 3237 1241 3317 ›1‹

197 3333 273 3414 Ego
297 3333 458 3399 Unwona
485 3337 666 3419 episcopus
700 3337 891 3400 subscribo
969 3336 1008 3416 ›1‹
1032 3335 1108 3415 Ego
1133 3334 1247 3418 Cyne-

196 3432 313 3496 bcrtus
345 3435 527 3516 episcopus
561 3437 750 3501 subscribo.
820 3438 859 3518 ›1‹
891 3435 968 3516 Ego
985 3433 1154 3498 Tidherht
1176 3436 1248 3517 epi-

197 3551 321 3615 scopus
347 3535 538 3599 subscribo.
606 3537 644 3617 ›1‹
676 3537 752 3618 Ego
771 3534 927 3600 Eaduuls
956 3535 1138 3616 episcopus
1164 3535 1246 3598 sub-

197 3633 320 3697 scribe.
383 3634 522 3717 ›14Ego
547 3633 720 3701 Alcheard
750 3637 932 3718 episcopus
957 3635 1146 3698 subscribo.
1203 3634 1242 3714 ›1‹

197 3731 273 3812 Ego
300 3731 487 3798 Hea'dored
519 3735 701 3818 episcopus
735 3735 924 3799 subscribo.
996 3736 1034 3813 ›1‹
1067 3734 1142 3814 Ego
1165 3733 1248 3796 Utel

197 3831 378 3914 episcopus
406 3835 595 3899 subscribo,
678 3838 717 3918 ›1‹
751 3836 828 3918 Ego
845 3832 1032 3900 Weothum
1067 3834 1248 3914 episcopus

196 3932 383 3996 subscribo.
455 3934 593 4015 ›14Ego
619 3934 822 4000 Headherht
855 3934 1036 4017 episcopus
1060 3932 1246 3996 subscribo.

204 4032 242 4112 ›1‹
270 4031 347 4112 Ego
376 4030 551 4097 Alhmund
583 4035 700 4099 abbas
779 4038 817 4118 ›1‹
848 4036 925 4117 Ego
954 4034 1097 4097 Beonna
1128 4034 1247 4096 abbas

201 4131 242 4211 ›1‹
271 4131 348 4213 Ego
368 4130 518 4197 Forbred
546 4135 664 4199 abbas.
740 4137 778 4217 ›1‹
807 4135 883 4218 Ego
903 4131 1093 4214 Wigmund
1128 4134 1247 4196 abhas.
