2888 4890
190 387 233 452 52
437 403 623 452 cnanrnn
646 401 991 451 anouosaxomcan.

659 661 795 726 mxii.

443 774 598 876 osuio
622 812 686 876 or
709 810 910 888 sussex,
932 810 1009 875 rso.

249 964 287 1044 ›1‹
315 962 521 1027 Ruonnnrn
548 962 801 1044 imperpetuum
829 960 966 1025 domino
995 967 1114 1025 nostro
1145 960 1254 1025 Ihesu

191 1061 329 1127 Christo
359 1081 400 1125 ac
430 1063 664 1143 gubernante!
728 1061 803 1143 Ego
830 1060 936 1125 Oslac
967 1061 1040 1124 dux
1068 1060 1251 1125 Sub-Sax-

193 1181 298 1226 onum
336 1162 489 1245 aliquam
529 1167 641 1224 terrac
682 1180 779 1224 meae
814 1167 960 1242 partem,
998 1180 1061 1243 pro
1101 1160 1254 1224 remedio

192 1263 327 1326 animae
344 1281 453 1338 meae,
477 1260 666 1324 uenerabili
689 1261 876 1324 aecclesiae
896 1262 1008 1324 sancti
1027 1261 1130 1324 Pauli
1147 1280 1252 1343 apos-

193 1363 255 1426 toli
272 1362 434 1438 concedo,
451 1360 485 1423 id
503 1367 557 1424 est
571 1361 652 1437 duo,
669 1361 862 1424 nominibus
879 1361 1107 1442 Earneleagh,
1121 1361 1253 1424 Tielcs-

193 1481 267 1539 ora,
290 1480 368 1524 cum
392 1461 549 1525 omnibus
578 1461 621 1523 ad
645 1479 720 1523 eam
737 1460 988 1542 pertinentibus
1016 1463 1129 1539 rebus,
1157 1480 1254 1524 cam-

193 1562 259 1643 pis,
276 1561 385 1624 siluis.
445 1558 549 1624 Anno
571 1562 615 1623 ab
637 1561 873 1624 incarnatione
888 1559 1016 1625 domini
1034 1577 1253 1626 moenum

194 1660 323 1726 tactum
342 1658 443 1724 estin
461 1660 537 1725 loco
552 1659 612 1743 qui
628 1660 824 1742 appellatur
841 1660 1027 1743 Seolesige.

250 1763 289 1843 ›1‹
313 1760 389 1842 Ego
412 1759 519 1824 Oslac
537 1759 625 1824 hanc
650 1760 869 1824 donationem
893 1761 1033 1843 propria
1049 1780 1153 1824 manu
1171 1762 1255 1824 sub·

195 1861 327 1942 scripsi.
384 1861 423 1941 ›1‹
447 1861 523 1942 Ego
542 1858 722 1923 Gisleherc
739 1860 921 1942 episcopus
940 1861 1095 1926 consensi
1118 1867 1154 1924 et
1170 1862 1255 1924 sub-

195 1961 328 2042 scripsi.
399 1961 438 2041 ›1‹
476 1960 553 2040 Ego
591 1959 755 2029 Eadwulf
785 1960 942 2023 consensi
981 1968 1016 2025 et
1052 1961 1255 2044 subscripsi.

100 2128 102 2134 ,
197 2059 316 2123 Omnis
342 2059 495 2141 dignitas
519 2059 602 2123 dicit
625 2060 679 2140 »1«.
733 2059 770 2122 Si
787 2060 864 2141 quis
886 2079 968 2124 uero
991 2060 1056 2125 hoo
1078 2060 1256 2125 decretum

195 2160 330 2223 irritum
367 2159 492 2235 facere,
530 2159 709 2242 tyrannico
753 2158 861 2222 fretus
899 2166 1056 2241 potentu,
1085 2160 1256 2225 uiolenter

196 2260 430 2341 temptauerit,
451 2259 588 2322 nouerit
622 2278 659 2321 se
690 2259 727 2321 in
756 2258 934 2322 tremendo
965 2267 1163 2324 cunctorum
1194 2281 1256 2325 ex-

196 2360 308 2422 amine
334 2378 449 2423 coram
474 2357 613 2422 Christo
636 2358 803 2421 rationem
825 2358 1048 2437 redditurum,
1072 2366 1107 2423 et
1126 2358 1255 2424 habere

195 2467 329 2541 partem
354 2478 433 2522 cum
450 2456 540 2521 Iuda
563 2457 729 2522 traditore
758 2458 888 2522 domini
916 2460 1026 2524 nostri
1056 2462 1091 2523 in
1119 2460 1255 2525 inferno

194 2558 356 2624 inferiori.

252 2658 390 2740 ›14Ego
418 2658 508 2736 Offa,
536 2658 600 2723 deo
631 2658 794 2736 donante,
826 2678 889 2722 rex
922 2659 1130 2723 Merciorum
1165 2658 1256 2725 hanc

197 2756 430 2839 supradictam
456 2766 583 2822 terram
598 2759 699 2822 iuxta
716 2759 915 2842 petitionem
933 2759 1085 2824 Wetuni
1101 2760 1257 2844 episcopi

198 2855 468 2921 Sue-Saxonum
506 2859 731 2923 corroborans
773 2859 964 2923 dominicae
1006 2860 1118 2924 crucis
1154 2860 1257 2942 signo

198 2955 417 3022 confirmabo.

665 3049 784 3061 -u—

647 3172 809 3238 MXIII.

401 3311 690 3380 EALHMUND
718 3315 782 3379 OF
806 3314 958 3392 KENT,
982 3313 1060 3379 784.

259 3454 300 3534 ›1‹
332 3449 442 3516 Anno
479 3453 670 3519 dominicae
705 3455 953 3519 incarnationis
982 3471 1258 3520 .ncc.nxxx1111.

202 3551 278 3631 Ego
293 3551 529 3617 Ealbmundus
545 3574 608 3618 rex
627 3555 771 3619 Cantiae
787 3556 831 3620 do
849 3556 911 3619 tibi
926 3554 1090 3619 Wetrede
1107 3540 1259 3621 bonora-

201 3652 263 3714 bili
280 3652 396 3716 abbati
414 3660 562 3737 tuaeque
584 3655 734 3719 familiae
751 3655 888 3738 degenti
909 3656 945 3717 in
962 3654 1038 3719 loco
1055 3655 1112 3737 qui
1131 3654 1261 3722 dicitur

204 3751 442 3816 Raculfcestre
464 3761 590 3818 terram
614 3755 791 3820 duodecim
815 3763 1008 3819 aratrorum
1026 3774 1115 3836 quae
1131 3755 1261 3821 dicitur

203 3849 458 3927 Scildwic,cum
476 3853 644 3918 uniuersis
663 3854 707 3918 ad
725 3874 799 3918 eam
818 3855 883 3917 rite
897 3855 1158 3938 pertinentibus,
1174 3855 1261 3920 libe-

203 3969 277 4013 ram
295 3952 339 4014 ab
356 3953 450 4014 omni
463 3953 630 4017 saeculari
646 3954 788 4019 seruitio
804 3961 839 4018 et
856 3955 900 4017 ab
914 3955 1007 4018 omni
1024 3953 1134 4036 regali
1147 3956 1261 4020 tribu·

204 4057 251 4125 to,
271 4050 426 4131 exceptis
446 4052 675 4134 expeditione,
693 4055 808 4135 pontis
826 4060 862 4117 et
878 4054 965 4117 arcis
988 4055 1261 4123 constructione.

204 4148 241 4211 Si
263 4148 353 4230 quis,
375 4150 466 4231 quod
492 4151 595 4229 absit,
612 4160 732 4217 contra
757 4153 823 4218 hoc
849 4154 976 4217 donum
1004 4173 1117 4218 meum
1145 4153 1262 4222 facere
