2888 4890
190 358 256 425 200
447 377 619 426 cunnrns
641 375 986 424 Anonossxomcnn.

195 535 329 617 scripsi.
386 539 425 619 ›1‹
448 536 524 618 Ego
542 537 728 601 Biornstsn
742 537 924 619 episcopus
939 536 1098 601 consensi
1113 541 1154 598 et¹
1167 536 1254 598 sirb-

195 636 328 717 scripsi.
396 638 434 717 ›1‹
454 636 531 718 Ego
546 636 720 702 Wulfhun
739 635 922 719 episcopus
939 636 1096 701 consensi
1114 642 1151 700 et
1168 635 1254 698 sub-

196 736 328 818 scripsi.
374 739 412 820 *1⁴
433 736 509 818 Ego
533 736 686 820 Cynsige
717 738 899 818 episcopus
924 736 1083 800 consensi
1107 742 1142 799 ct
1168 737 1254 798 subs

196 835 330 918 scripsi.
404 839 443 920 »χι
465 837 541 918 Ego
573 835 767 901 Wulihelm
803 835 986 919 episcopus
1020 835 1180 900 consensi
1215 843 1252 899 et

197 935 394 1018 subscripsi.
458 939 497 1020 »χι
520 937 597 1018 Ego
614 935 785 1020 Cyneferb
816 937 998 1019 episcopus
1027 935 1188 1001 consensi
1218 942 1256 999 et

197 1036 395 1118 subscripsi.
441 1038 480 1117 ›1‹
500 1036 577 1118 Ego
600 1036 787 1100 AEscberbt
808 1037 989 1119 episcopus
1019 1035 1179 1100 consensi
1199 1041 1255 1099 et

198 1135 396 1218 subscripsi.
489 1138 528 1218 ›1‹
556 1137 632 1218 Ego
650 1136 772 1201 Wircd
804 1138 987 1220 episcopus
1026 1136 1184 1200 consensi
1217 1141 1254 1199 et

200 1235 398 1317 subscripsi.
423 1288 426 1295 .
447 1238 486 1317 ›1‹
506 1236 582 1318 Ego
601 1235 726 1300 Osferd
742 1236 815 1300 dux
829 1236 986 1300 consensi
1003 1242 1040 1300 ct
1052 1235 1254 1317 subscripsi.-

205 1337 244 1416 ›1‹
264 1335 341 1416 Ego
359 1335 521 1400 AElfwald
539 1336 612 1400 dux
628 1336 786 1401 consensi
803 1343 839 1400 et
857 1335 1056 1419 subscripsi.
1113 1336 1153 1416 ›1‹
1174 1335 1253 1417 Ego

200 1434 387 1500 AEscberht
409 1436 481 1499 dux
505 1436 663 1501 consensi
685 1443 720 1500 et
745 1436 944 1519 subscripsi.
994 1438 1034 1518 ›1‹
1058 1434 1140 1516 Ego·
1163 1432 1255 1498 AElf-

200 1543 280 1599 stan
297 1535 370 1598 dux
387 1535 546 1600 consensi
562 1544 598 1601 et
614 1537 820 1619 subscripsi.
869 1539 908 1620 »χε
933 1535 1009 1617 Ego
1025 1534 1164 1598 Hutred
1181 1535 1256 1598 dux

202 1636 360 1698 consensi
382 1644 416 1701 et
440 1637 640 1719 subscripsi.
697 1639 736 1718 »χι
759 1636 834 1719 Ego
850 1636 1028 1700 Urm'dux
1046 1636 1203 1700 consensi
1219 1644 1256 1700 et

201 1734 401 1816 subscripsi.
457 1738 496 1817 ›1‹
514 1736 593 1818 >Ego
608 1735 755 1800 Guttrun
771 1737 844 1801 dux
861 1736 1019 1801 consensi
1033 1743 1069 1800 et
1082 1737 1257 1819 subscrip*

201 1835 241 1897 si.
298 1836 337 1915 ›1‹
355 1835 431 1917 Ego
448 1835 532 1901 Ha's
548 1836 620 1900 dux
636 1838 793 1901 consensi
812 1844 847 1901 et
862 1835 1078 1917 subscripsi.
1117 1837 1156 1916 >1⁴
1176 1835 1255 1917 Ego

203 1934 304 2000 Scule
329 1934 402 1998 dux
428 1936 585 2000 consensi
611 1942 647 2001 et
677 1938 875 2020 subscripsi.
943 1941 982 2018 ›1‹
1002 1936 1079 2017 Ego
1104 1934 1254 1999 Ealdred

202 2035 275 2098 dux
289 2037 447 2100 consensi
464 2044 500 2115 et
518 2037 717 2119 subscripsi.
774 2040 813 2119 ›1‹
837 2036 913 2118 Ego
931 2036 1070 2100 Ubtred*
1084 2035 1157 2098 dux
1173 2055 1256 2100 con·

203 2136 295 2198 sensi
312 2144 347 2200 et
363 2137 560 2219 subscripsi.
620 2140 659 2219 ›1‹
681 2137 758 2219 Ego
770 2136 893 2200 AElfric
911 2137 1018 2199 abbas
1042 2137 1202 2199 consensi
1219 2144 1255 2201 et

203 2236 404 2319 subscripsi.
466 2240 505 2319 ›1‹
529 2236 605 2317 Ego
632 2238 798 2302 Eadwine
818 2237 926 2301 abbas
944 2236 1102 2300 consensi
1120 2243 1155 2300 et
1170 2237 1255 2308 sub·

203 2336 335 2417 scripsi.
382 2339 420 2418 ›1‹
433 2337 509 2418 Ego
521 2337 694 2402 AEtielnoii
707 2338 814 2401 abbas
829 2336 988 2401 consensi
1002 2343 1037 2400 et
1052 2336 1253 2418 subscripsi.

208 2436 247 2516 ›1‹
264 2436 340 2517 Ego
354 2436 537 2518 Biorbsige
550 2438 657 2501 abbas
666 2437 825 2502 consensi
834 2444 868 2501 et
879 2437 1077 2518 subscripsi.
1121 2438 1163 2517 ᾖ·
1177 2436 1255 2518 Ego

205 2535 307 2598 Odds
325 2537 481 2601 minister
500 2538 656 2602 consensi
675 2546 711 2602 et
730 2538 927 2620 subscripsi.
983 2538 1022 2619 ›1‹
1045 2536 1255 2617 Egowulf«

204 2655 268 2717 gar
283 2637 439 2700 minister
460 2638 618 2702 consensi
640 2645 675 2702 et
696 2639 895 2720 subscripsi.
952 2639 991 2718 ›1‹
1012 2637 1089 2718 Ego
1105 2635 1254 2700 AElfheb

203 2736 359 2800 minister
384 2739 541 2801 consensi
570 2744 605 2802 ct
636 2738 832 2821 subscripsi.
902 2740 942 2822 ›1‹
966 2737 1042 2819 Ego
1070 2737 1256 2801 AEselstan

205 2836 361 2900 minister
390 2838 548 2901 consensi
578 2846 613 2902 et
643 2838 842 2921 subscripsi.
888 2840 955 2921 ,ᾖ
979 2837 1055 2919 Ego
1081 2829 1256 2921 Wulisige

206 2936 360 3000 minister
393 2938 550 3001 consensi
581 2946 616 3002 et
650 2938 847 3021 subscripsi.
907 2940 956 3021 ›1‹
984 2938 1060 3019 Ego
1092 2936 1259 3020 Wihtgar

206 3036 360 3100 minister
387 3039 544 3102 consensi
572 3047 607 3102 et
632 3039 828 3122 subscripsi.
886 3041 925 3120 ›1‹
949 3038 1025 3120 Ego
1051 3036 1258 3102 AEbelmund

206 3136 360 3200 minister
389 3139 548 3202 consensi
575 3147 611 3202 et
629 3139 837 3221 subscripsi.
907 3141 946 3220 >1⁴
975 3139 1051 3219 Ego
1082 3138 1259 3204 AEselnos

207 3236 362 3299 minister
377 3240 534 3302 consensi
550 3246 585 3303 et
599 3240 797 3322 subscripsi.
855 3242 894 3321 ›1‹
916 3235 1152 3320 EgoEcdnob
1168 3239 1258 3303 min-

205 3335 290 3399 ister
308 3340 468 3402 consensi
483 3347 517 3402 et
535 3339 730 3423 subscripsi.
787 3342 826 3422 ›1‹
851 3338 926 3420 Ego
952 3338 1078 3403 Eadric
1100 3339 1259 3404 minister

205 3439 364 3500 consensi
397 3446 431 3503 et
462 3440 661 3522 subscripsi.
748 3442 786 3521 ›1‹
813 3439 889 3520 Ego
908 3438 1086 3520 AEbelsige
1102 3439 1260 3504 minister

206 3540 364 3601 consensi
396 3548 431 3603 et
464 3539 665 3621 subscripsi.
721 3541 760 3620 >1⁴
790 3539 866 3621 Ego
898 3538 1071 3621 Wulfsige
1101 3539 1258 3604 minister

205 3638 362 3702 consensi
378 3647 413 3704 et
429 3639 626 3721 subscripsi.
690 3639 815 3724 »14Ego
822 3638 992 3703 AElfbelm
1005 3639 1161 3703 minister
1175 3659 1259 3705 cona

203 3738 297 3802 sensi
319 3747 354 3803 et
377 3740 577 3822 subscripsi.
634 3743 673 3822 ›1‹
694 3740 771 3821 Ego
782 3732 920 3821 Wiglaf
931 3740 1086 3804 minister
1099 3740 1260 3805 consensi

206 3846 241 3901 et
271 3840 468 3923 subscripsi.
535 3843 574 3922 ›1‹
598 3840 674 3922 Ego
702 3840 825 3904 AElsric
853 3841 1010 3904 minister
1039 3840 1198 3904 consensi
1224 3849 1261 3907 et

205 3939 403 4021 subscripsi.
454 3944 492 4025 ›1‹
514 3941 591 4021 Ego
609 3940 762 4004 AElfstau
783 3941 939 4005 minister
955 3941 1114 4005 consensi
1128 3947 1164 4004 ct
1178 3943 1261 4007 snb-

205 4039 338 4121 scripsi.
396 4044 434 4123 ›1‹
452 4042 528 4122 Ego
538 4040 685 4106 Wilt'erb
701 4041 857 4105 minister
868 4040 1025 4105 consensi
1036 4047 1072 4105 et
1083 4041 1259 4125 subscrip..

205 4137 247 4203 si.
297 4141 336 4220 ›1‹
360 4140 436 4223 Ego
449 4141 627 4233 AEticlfcr’ti
642 4141 799 4207 minister
814 4141 973 4206 consensi
985 4149 1020 4206 et
1035 4142 1236 4225 subscripsi.
