2888 4890
276 349 343 415 308
533 364 705 414 eennrnn
729 361 1077 412 Anonosnxornenn.

281 523 336 588 dei
360 523 534 605 largitate,
564 522 704 587 caducis
729 523 851 605 opibus
882 514 1024 586 aeterna
1048 519 1209 585 coelestis
1237 518 1332 582 uitae

283 623 436 704 praemia
453 622 598 686 mercari
616 622 802 704 queamus!
856 620 1079 704 Quapropter
1094 639 1161 702 ego
1178 617 1333 682 Eadred-

283 740 336 799 ηε,
351 742 414 786 rex
430 720 625 804 Anglorum
643 729 925 803 caeterarumque
948 720 1103 800 gentium
1127 719 1163 782 in
1185 717 1332 783 circuitu

283 822 542 904 persistentium
558 823 767 903 gubernator
784 817 819 885 et
836 818 960 896 rector,
974 824 1116 883 sauctae
1130 818 1186 882 dei
1201 817 1332 882 aeccle-

283 921 356 984 siae
371 920 548 985 Weutana
569 920 711 984 ciuitate
726 920 874 995 locatae,
892 937 933 982 ac
950 920 1053 982 beato
1070 917 1176 983 Petro
1194 924 1334 1000 aposto-

284 1020 395 1084 lorum
430 1019 577 1102 principi
615 1019 758 1101 eiusque
799 1017 1001 1102 coapostolo
1036 1017 1148 1082 Paulo
1186 1017 1332 1091 dicatae,

286 1118 478 1200 AEllbeago
514 1119 665 1183 eiusdem
699 1119 790 1183 sedis
829 1118 991 1201 pontifice
1029 1118 1249 1200 impetrante,
1284 1115 1335 1179 uti

287 1217 474 1301 Fryttegy’d
498 1219 617 1300 regina
652 1217 740 1300 pene
769 1219 805 1281 in
835 1217 978 1282 exordio
1014 1216 1224 1281 christianae
1257 1215 1335 1279 reli·

287 1317 400 1399 gionis
437 1318 643 1382 'reuerendae
682 1318 849 1382 trinitatis
886 1317 1028 1400 eiusque
1064 1315 1336 1399 praenominatis

286 1416 455 1499 apostolis
481 1416 608 1481 deuota
634 1425 747 1481 mente
769 1424 999 1493 concesserat,
1022 1434 1063 1480 ac
1082 1415 1253 1480 AEttelwlf
1272 1435 1336 1480 rex

286 1517 543 1599 augmentando
569 1516 853 1599 amplificauerat,
875 1516 1062 1598 itidemque
1078 1515 1249 1580 Eadward
1274 1535 1336 1578 rex

288 1617 388 1681 nouis
414 1615 605 1680 litterarum
634 1616 789 1699 apicibus
816 1617 940 1679 iterum
968 1622 1238 1692 restauranerat,
1259 1633 1337 1679 cum

287 1713 407 1779 iisdem
430 1716 611 1779 territoriis
633 1735 719 1798 quas
735 1713 900 1779 AEbelwlf
911 1735 972 1779 rex
988 1715 1219 1779 haereditaria
1241 1721 1338 1778 carta

289 1809 457 1880 conscribi
492 1813 640 1879 iusserat
668 1833 710 1879 .o.
739 1814 871 1880 scilicet
904 1834 945 1878 ac
975 1833 1073 1878 mxx.
1107 1814 1338 1897 quantitatem

289 1913 500 1977 manentium
526 1916 756 1978 continentem
782 1915 858 1980 loco
885 1913 1010 1978 celebri
1033 1914 1092 1995 qui
1108 1913 1250 1978 Tanton
1276 1934 1337 1978 no·

289 2014 452 2089 minatur,
466 2020 607 2077 aeterna
623 2015 835 2079 restituendo
854 2014 1000 2097 largitus
1021 2033 1098 2077 sum
1114 2014 1337 2078 haereditate.

291 2113 456 2177 Praefato
471 2113 639 2196 siquidem
652 2115 726 2196 regi
742 2115 934 2179 Eadwardo
950 2131 1021 2178 mx.
1035 2114 1173 2178 telluris
1187 2132 1339 2189 mansae,

291 2220 439 2296 quatuor
476 2213 631 2278 locorum
675 2215 832 2296 partibus
875 2214 1061 2296 dispersae,
1098 2214 1188 2279 sicut
1230 2212 1340 2295 ipsius

290 2313 454 2378 territorii
482 2313 628 2391 cartula,
655 2334 759 2397 quam
791 2313 968 2396 praefatus
999 2334 1062 2379 rex
1095 2313 1195 2378 edere
1226 2313 1340 2390 iussit,

291 2412 421 2494 liquido
449 2419 610 2491 testatur,
637 2435 658 2478 a
680 2413 829 2496 quodam
859 2413 1021 2496 episcopo
1040 2413 1223 2478 Denewlfo
1245 2413 1340 2478 uide·

292 2510 384 2589 licet,
412 2533 475 2594 pro
501 2514 654 2577 eiusdem
684 2513 815 2578 telluris
843 2514 1004 2578 libertate
1032 2532 1218 2578 concessae
1245 2520 1340 2578 sunt.

293 2612 438 2676 Maneat
472 2613 577 2695 igitur
609 2633 720 2677 meum
754 2615 818 2679 hoc
850 2612 1013 2678 inmobile
1043 2613 1169 2678 donum
1199 2620 1342 2678 aeterna

292 2711 451 2776 libertate
465 2712 651 2776 iocundum
677 2733 754 2777 cnm
782 2714 938 2778 omuibus
966 2731 1056 2796 quae
1084 2714 1149 2778 rite
1171 2713 1216 2776 ad
1241 2732 1340 2795 prae·

292 2812 386 2875 dicta
425 2811 502 2875 loca
533 2813 704 2894 pertinere
741 2813 978 2889 dinoscuntur,
1013 2814 1155 2895 campis,
1190 2813 1342 2896 pascuis,

293 2911 413 2992 pratis,
437 2920 583 2993 excepto
608 2914 778 2976 communi
810 2913 938 2989 labore,
964 2913 1198 2995 expeditione,
1227 2913 1343 2994 pontis

293 3011 426 3074 arcisue
453 3009 721 3076 constructione.
786 3012 823 3076 Si
859 3013 919 3095 qui
949 3012 1107 3094 denique,
1135 3012 1237 3077 michi
1275 3032 1343 3076 non

293 3111 440 3190 optanti,
457 3110 545 3174 hauc
569 3110 739 3175 libertatis
767 3119 910 3190 cartam,
938 3112 1049 3175 liuore
1077 3113 1242 3194 depressi,
1266 3112 1343 3176 uio·

295 3209 366 3271 lare
384 3210 586 3291 satagerint,
602 3212 796 3291 agminibus
812 3219 921 3276 tetrae
943 3212 1101 3293 caliginis
1115 3211 1205 3294 lapsi
1222 3231 1344 3277 uocem

295 3307 439 3371 audiant
461 3311 726 3375 examinationis
749 3311 804 3375 die
828 3312 966 3376 arbitris
982 3311 1047 3374 sibi
1062 3311 1221 3390 dicentis,
1237 3311 1344 3377 ‘Dis-

295 3406 405 3470 cedite
428 3427 450 3470 a
475 3428 529 3472 me
554 3409 728 3474 maledicti
753 3411 789 3474 in
815 3412 929 3491 ignem
956 3411 1157 3488 aeternum,'
1183 3411 1242 3475 ubi
1266 3418 1345 3476 cum

296 3506 518 3571 daemonibus
546 3507 665 3573 ferreis
696 3511 930 3592 sartaginibus
958 3510 1087 3574 crudeli
1119 3517 1347 3593 torqueantur

269 3694 272 3699 Ι
295 3608 330 3670 in
347 3604 514 3688 poena,‘si
533 3628 600 3673 non
617 3617 697 3674 ante
721 3617 863 3673 mortem
879 3609 984 3690 digna
1000 3610 1065 3674 hoc
1088 3611 1347 3676 emendauerint

297 3707 516 3789 poenitentia.
583 3707 674 3772 Acta
699 3716 752 3773 est
781 3709 865 3772 haec
894 3709 1052 3791 praelata
1083 3710 1224 3775 donatio
1254 3712 1348 3775 anno

296 3804 488 3870 dominicae
509 3807 755 3872 incarnationis
771 3825 1021 3875 ‚dccccxcvii
1038 3809 1224 3874 indictione
1241 3829 1284 3875 .v.

352 3907 391 3986 ›1‹
415 3904 491 3985 Ego
514 3906 691 3970 Eadredus
717 3928 780 3972 rex
809 3907 1003 3989 Anglorum
1027 3908 1219 3991 praefatam
1240 3911 1350 3975 dona-

297 4003 425 4067 tionem
443 4004 507 4067 sub
524 4006 639 4086 sigillo
661 4008 802 4072 sanctae
824 4007 936 4072 crucis
956 4008 1243 4074 indeclinabiliter
1267 4030 1350 4074 con-

296 4103 389 4167 sensi
405 4110 510 4184 atque
525 4106 696 4172 roborani.
753 4111 792 4190 ›1‹
816 4108 892 4189 Ego
911 4108 1072 4192 Eadgyfrr
1087 4108 1240 4174 eiusdem
1258 4110 1350 4192 regis
