2888 4890
199 349 243 414 94
457 366 629 416 cunnrnn
653 365 1003 415 nuonoscxorrorr.

201 524 360 587 omnibus
378 523 612 588 saecularibus
626 524 865 599 seruitutibus,
883 523 976 586 fiscis
997 521 1184 604 regalibus,
1196 521 1258 586 tri-

201 624 294 687 butis
320 623 509 689 maioribus
531 631 567 688 et
585 623 785 700 minoribus,
804 624 878 687 siue
902 623 1141 687 taxationibus
1163 641 1257 706 qnae

200 743 264 788 nos
276 724 420 788 dicimus
431 719 695 804 Uuintereden3¹
713 723 825 807 sitque
835 724 944 787 libera
956 724 1108 788 omnium
1122 741 1253 796 rerum3

200 843 263 905 pro
275 825 474 888 remissione
487 826 678 888 animarum
691 833 725 887 et
738 832 957 906 peccatorum
970 830 1178 899 nostrorum,
1188 822 1255 887 deo

200 924 266 987 soli
282 925 324 988 ad
340 924 569 1002 seruiendum,
588 924 662 988 sine
679 924 910 1006 expeditione,
926 932 960 988 et
977 925 1092 1006 pontis
1105 924 1254 987 instruc-

200 1024 304 1101 tione,
319 1031 353 1088 et
369 1024 458 1088 arcis
475 1025 676 1101 munitione,
693 1031 786 1088 uteo
801 1024 998 1105 diligentius
1013 1043 1076 1106 pro
1091 1023 1191 1087 nobis
1207 1022 1251 1086 ad

200 1123 299 1187 deum
316 1143 435 1206 preces
453 1124 527 1188 sine
542 1125 735 1188 cessatione
751 1123 908 1199 fundant,
924 1143 992 1206 quo
1010 1143 1128 1188 eorum
1144 1125 1252 1187 serui-

139 1247 141 1254 ’
201 1229 308 1287 tutem
327 1223 538 1288 saecularem
555 1225 591 1287 in
607 1224 724 1306 aliqua
741 1231 841 1306 parte
858 1223 1061 1304 lenigamus.
1113 1221 1254 1289 Placuit

199 1330 315 1387 autem
333 1331 415 1388 tuno
436 1330 560 1406 postea
579 1325 751 1406 episcopis
768 1323 953 1388 AElhstano
974 1323 1252 1387 Scireburnensis

198 1424 385 1488 aecclesiae
402 1430 438 1488 et
456 1423 665 1488 Helmstano
681 1423 1044 1507 Wyntanoeastrensis
1063 1423 1252 1488 aecclesiae

199 1543 276 1587 cum
307 1523 379 1586 suis
405 1523 587 1588 abbatibus
613 1530 649 1587 et
670 1524 779 1587 seruis
804 1523 859 1587 dei
881 1523 1061 1587 consilium
1086 1523 1186 1600 inire,
1211 1532 1252 1589 ut

198 1642 317 1687 omnes
329 1622 453 1687 fratres
464 1630 499 1687 et
510 1641 644 1688 sorores
655 1624 765 1688 nostri
776 1623 820 1687 ad
831 1642 1108 1706 unamquamque
1119 1622 1249 1688 aeccle-

198 1723 286 1786 siam
302 1723 394 1787 omni
409 1723 600 1787 ebdomada
610 1722 779 1788 Mercoris
792 1724 860 1800 die,
871 1724 936 1787 hoc
951 1722 1249 1805 estWodnesdag,

199 1823 309 1886 omnis
337 1823 562 1905 congregatio
593 1831 711 1887 cantet
741 1824 993 1907 quinquaginta
1021 1823 1186 1905 psalmos,
1213 1830 1249 1888 et

197 1923 435 2006 unusquisque
465 1924 646 2006 presbyter
673 1923 760 1987 duas
789 1925 924 2000 missas,
947 1943 1050 1987 unam
1075 1942 1139 2006 pro
1165 1943 1248 2006 rege

198 2021 397 2100 AEdelwlso,
411 2031 446 2088 et
460 2023 565 2086 aliam
580 2042 644 2106 pro
659 2023 804 2087 ducibus
818 2023 893 2086 eius
907 2022 988 2088 huic
1001 2023 1091 2087 dono
1104 2040 1248 2088 consen·

196 2123 373 2201 tientibuS,
385 2143 448 2206 pro
462 2123 618 2187 mercede
631 2130 667 2187 et
679 2122 856 2205 refrigerio
872 2123 1073 2187 delictorum
1084 2143 1245 2203 suorum3

197 2242 260 2304 pro
291 2243 373 2305 rege
399 2224 551 2300 uiuente,
578 2224 675 2287 Deus
702 2223 761 2305 qui
794 2222 981 2300 iustificas3
1006 2242 1069 2305 pro
1102 2224 1246 2288 ducibus

197 2323 407 2400 uiuentibus,
430 2321 623 2387 Praetende
641 2324 787 2386 domine.
840 2323 1031 2404 Postquam
1053 2330 1169 2386 autem
1186 2324 1245 2388 de-

196 2421 307 2486 functi
333 2423 473 2500 fuerint,
499 2443 562 2505 pro
585 2442 667 2504 rege
688 2422 864 2499 defuncto,
900 2423 1143 2504 singulariter;
1181 2443 1245 2505 pro

195 2523 407 2605 principibus
433 2522 615 2600 defunctis
645 2522 880 2586 communiter.
928 2522 974 2586 Et
1003 2520 1068 2585 hoc
1098 2523 1144 2586 sit
1172 2529 1244 2587 tam

194 2622 336 2686 firmiter
368 2624 593 2687 constitutum
623 2622 781 2685 omnibus
815 2623 937 2687 diebus
971 2620 1245 2700 christianitatis

194 2723 293 2802 quasi
314 2723 455 2786 libertas
477 2722 667 2787 constituta
692 2729 745 2786 est
767 2722 931 2804 quamdiu
952 2721 1036 2785 fides
1063 2722 1186 2786 crescit
1207 2724 1244 2786 in

193 2829 296 2902 gente
321 2821 526 2903 Anglorum.
578 2822 625 2885 Et
656 2820 721 2885 hoc
750 2824 814 2885 sub
841 2821 1037 2885 testimonio
1065 2829 1244 2904 satrapum

193 2929 389 2985 nostrorum
426 2921 657 3004 plurimorum·
684 2920 727 2983 ad
766 2921 1060 2986 confirmationem
1097 2940 1243 3004 quorum

190 3021 333 3092 nomina
354 3022 473 3085 subter
498 3041 635 3086 annexa
662 3027 836 3085 notantur.
888 3020 1025 3104 Scripta
1052 3028 1105 3085 est
1128 3028 1242 3086 autem

193 3117 277 3184 haec
308 3121 450 3185 donatio
481 3122 616 3185 cartula
647 3140 736 3184 anno
771 3121 962 3185 dominicae
995 3122 1243 3186 incarnationis

194 3236 433 3286 .nccc.xn1111.
449 3221 637 3284 indictione
658 3237 731 3284 Νη.
750 3221 806 3284 die
823 3241 960 3303 quoque
981 3240 1149 3286 nonarum
1168 3221 1243 3287 No·

192 3320 355 3397 nembris,
372 3322 408 3383 in
426 3321 568 3385 ciuitate
578 3320 766 3395 Wentana‚
783 3322 820 3383 in
838 3320 1006 3384 aecclesia
1023 3321 1134 3385 sancti
1144 3321 1242 3387 Petri

193 3425 275 3482 ante
291 3418 401 3483 altare
416 3420 581 3501 capitale3
601 3429 636 3484 et
652 3419 718 3483 hoc
737 3419 892 3483 fecerunt
907 3441 970 3503 pro
986 3420 1114 3484 honore
1130 3424 1243 3487 sancti

194 3518 377 3584 Michaelis
399 3518 610 3601 archangeli,
628 3527 663 3584 et
686 3526 826 3584 sanctae
844 3519 979 3584 Mariae
1002 3521 1141 3602 reginae
1165 3521 1239 3603 glo·

192 3619 304 3682 riosae
322 3619 377 3682 dei
393 3613 582 3701 genitricis
600 3619 770 3702 simulque
785 3627 821 3684 et
836 3620 929 3683 beati
943 3621 1040 3684 Petri
1064 3620 1240 3702 apostolo·

191 3737 265 3781 rum
289 3720 463 3803 principis,
481 3738 614 3783 necnon
635 3727 670 3784 et
689 3720 802 3784 sancti
824 3720 934 3802 patris
956 3721 1064 3785 nostri
1081 3718 1242 3801 Gregorii

190 3837 314 3901 papae,
326 3827 432 3902 atque
443 3820 593 3884 omnium
606 3826 815 3885 sanctorum.
853 3820 900 3884 Et
913 3827 996 3884 tunc
1006 3839 1070 3902 pro
1081 3820 1241 3902 ampliori

190 3918 351 3983 firmitate
367 3939 428 3983 rex
448 3917 651 3983 AEiielwlfus
673 3920 789 4001 posuit
811 3920 980 3984 cartulam
1002 3938 1107 4002 supra
1130 3919 1242 3984 altare

189 4019 301 4083 sancti
319 4018 428 4096 Petri,
446 4026 481 4083 et
504 4020 655 4102 episcopi
682 4038 746 4101 pro
773 4019 841 4084 fide
865 4020 920 4084 dei
945 4026 1172 4103 aoeeperunt3
1205 4027 1240 4084 et

619 4142 627 4172 ¹
645 4143 809 4196 Witera'iden.
