2888 4890
192 368 258 433 134
447 384 620 432 curaris
646 382 988 432 nucmsnnourcan.

195 539 472 605 infraudulentos
498 541 653 614 lucrarc;
685 541 809 605 iccirco
838 540 939 605 trado
967 547 1072 621 atque
1095 540 1247 606 concedo

197 640 350 724 aliquam
373 647 506 722 partem
530 648 642 704 terrae
665 641 822 704 ministro
844 659 920 704 meo
938 639 1030 704 fideli
1047 639 1246 722 Wulfgaro,

199 757 277 804 cum
291 758 459 803 consensu
469 741 707 823 episcoporum
717 759 883 817 meorum,
895 740 1033 817 ducum,
1045 747 1080 804 et
1091 740 1245 804 omnium

200 840 419 922 optimatum,
443 840 479 903 in
504 841 641 922 publico
668 850 840 904 conuentu
869 840 912 903 ad
938 839 1080 904 Saltwic
1104 859 1246 922 congre-

200 945 305 1021 gato;
339 947 392 1003 est
421 947 536 1003 autem
571 938 702 1003 telluris
733 941 833 1022 quasi
864 956 939 1004 ,xv.
967 940 1178 1003 manentium
1209 939 1246 1002 in

200 1037 276 1102 loco
291 1039 350 1120 qui
364 1038 489 1103 dicitur
499 1038 710 1114 Waledene3
738 1059 801 1121 pro
814 1039 888 1103 eius
901 1037 1022 1103 humili
1038 1039 1247 1116 obedientia,

200 1145 240 1201 ut
257 1137 383 1202 habeat
405 1139 568 1220 quamdiu
591 1139 708 1213 uiuat3
733 1145 869 1221 etpost
892 1159 930 1203 se
952 1138 1145 1220 cuicunque
1168 1139 1247 1203 uol-

199 1239 289 1301 uerit
314 1237 350 1301 in
376 1237 623 1302 haereditatem
645 1238 861 1321 derelinquat
888 1237 1141 1320 possidendam,
1167 1258 1248 1303 cum

200 1338 357 1401 omnibus
382 1338 426 1401 ad
454 1357 491 1402 se
516 1338 778 1421 pertinentibus,
805 1339 927 1420 pratis,
954 1339 1104 1420 pascuis
1131 1339 1246 1419 aquiS,

199 1454 436 1519 aquarumque
457 1438 680 1515 decursibus3
704 1437 847 1502 liberam
865 1436 953 1502 hanc
971 1447 1098 1502 terram
1115 1437 1247 1501 descri-

197 1536 310 1599 bimus
333 1537 376 1598 ab
399 1538 555 1601 omnibus
576 1537 691 1600 causis
713 1538 779 1601 nisi
799 1537 976 1618 singulare
992 1538 1143 1619 precium
1162 1557 1246 1602 con-

156 1700 162 1704 ,
199 1641 256 1699 tra
272 1636 367 1699 aliud
389 1643 497 1718 ponat
516 1644 552 1700 et
568 1636 706 1699 modum
724 1636 922 1700 aecclesiae.
975 1636 1012 1700 si
1027 1637 1105 1718 quis
1126 1645 1246 1700 autem

198 1733 287 1797 hanc
318 1734 537 1799 donationem
569 1754 695 1817 augere
723 1737 884 1813 uoluerit,
921 1744 1050 1818 augeat
1080 1736 1146 1800 sibi
1182 1756 1247 1801 rex

201 1834 358 1898 coelestis
382 1843 511 1899 sortem
536 1855 613 1900 cum
636 1837 708 1899 suis
729 1836 847 1900 electis
871 1837 909 1899 in
932 1855 1038 1917 regno
1059 1834 1248 1901 coelorum.

200 1932 270 2010 Qui
288 1954 383 2012 uero,
396 1935 488 2017 quod
506 1935 609 2012 absit,
624 1937 777 2000 minuere
790 1955 828 1999 se
843 1935 1078 2018 temptauerit,
1095 1936 1185 2001 sciat
1206 1955 1246 2000 se

199 2033 524 2100 anathematizatum
542 2054 564 2098 a
584 2038 759 2101 consortio
776 2037 928 2099 omnium
951 2041 1164 2113 sanctorum,
1177 2037 1246 2101 nisi

197 2134 261 2198 deo
275 2141 309 2197 et
326 2134 520 2199 hominibus
538 2134 639 2216 digne
656 2136 691 2198 in
708 2136 773 2200 hoc
790 2136 930 2200 saeculo
947 2134 1192 2202 emcndauerit.

252 2236 291 2316 »14
315 2232 392 2315 Ego
423 2234 631 2299 AE’delredus
661 2234 749 2301 hanc
779 2253 890 2299 meam
917 2235 1137 2299 donationem
1165 2255 1245 2300 cum

195 2333 296 2413 signo
321 2340 462 2397 sanctae
495 2334 607 2397 crucis
634 2336 866 2412 corroboraui,
892 2333 946 2398 his
979 2335 1127 2399 testibus
1152 2335 1244 2401 infra

196 2434 372 2497 caraxatis
404 2433 708 2498 consentientibus.
772 2437 811 2517 »14
839 2435 917 2516 Ego
947 2433 1131 2500 AE’eelflaed
1164 2455 1246 2500 con-

197 2532 301 2597 sensi.
369 2535 408 2614 »14
440 2533 516 2613 Ego
543 2532 731 2597 Wulredus
765 2535 958 2616 episcopus.
1014 2535 1053 2614 »14
1077 2535 1154 2616 Ego
1182 2533 1246 2600 Al-

197 2632 345 2696 chardus
378 2632 572 2714 episcopus.
636 2635 675 2715 »14
704 2634 781 2715 Ego
813 2632 1016 2698 Wert'er'dus
1050 2635 1244 2717 episcopus.

200 2733 239 2812 »14
268 2733 346 2814 Ego
378 2732 621 2814 Cynemundus
652 2733 793 2797 electus.
851 2735 890 2815 »14
923 2732 998 2815 Ego
1033 2732 1246 2799 Eadwaldus

193 2831 276 2895 dux.
317 2831 394 2912 Ego
404 2831 568 2896 AE’dulfus
587 2833 626 2912 »14
645 2832 728 2896 dux.
779 2833 855 2914 Ego
870 2831 1091 2897 AE’delferdus
1105 2835 1144 2914 »14
1159 2834 1243 2899 dux.

196 2930 273 3011 Ego
305 2928 504 2995 Alchelmus
536 2933 575 3013 »14
607 2931 692 3018 dux.
744 2932 822 3014 Ego
839 2932 1023 2996 Eardulfus
1058 2934 1113 3012 »14.
1166 2934 1244 3016 Ego

195 3029 399 3094 Beornobus
432 3033 488 3113 »14.
542 3030 618 3112 Ego
647 3032 846 3096 AElwardus
869 3033 924 3112 »14.
976 3033 1055 3114 Ego
1083 3033 1244 3098 Eadnob-

193 3147 235 3190 us
271 3130 326 3209 »14.
400 3131 439 3210 »14
471 3130 547 3210 Ego
586 3130 773 3195 AElfredus.
846 3134 885 3214 »14
915 3131 992 3214 Ego
1024 3129 1243 3214 AEbelgarus.

197 3229 236 3309 »14
266 3229 342 3309 Ego
375 3226 599 3310 Alchstanus.
670 3233 709 3312 »14
737 3231 814 3312 Ego
845 3229 1033 3296 Wiserdus.
1101 3234 1140 3314 »14
1164 3233 1242 3314 Ego

194 3326 381 3391 AElfredus
439 3329 478 3408 »14
507 3328 582 3409 Ego
608 3327 797 3395 Wulricus.
854 3332 893 3411 »14
921 3331 998 3412 Ego
1028 3330 1242 3396 Wulsredus.

198 3428 237 3507 »14
268 3427 343 3509 Ego
376 3427 550 3491 AEiiulfus,
618 3430 657 3510 »14
692 3428 768 3510 Ego
800 3430 914 3511 Buga.
978 3433 1017 3513 »14
1047 3431 1124 3513 Ego
1160 3430 1241 3496 Uia.

197 3527 236 3607 »14
257 3526 333 3608 Ego
349 3526 625 3592 Beorhthelmus

617 3742 808 3807 MLXIX.

429 3889 676 3954 *AELFRED
702 3889 766 3954 OF
788 3888 1005 3954 WEssEx.

241 4030 280 4110 »14
309 4029 354 4093 ΙΝ
377 4029 513 4093 nomine
532 4030 681 4094 domini!
736 4029 812 4112 Ego
830 4029 1021 4108 AElfredus,
1041 4032 1158 4111 gratia
1172 4032 1240 4111 dei,

182 4125 498 4209 Pingui-Saxonum
524 4150 598 4206 rex,
624 4131 808 4194 recordans
830 4130 981 4214 qualiter
1006 4131 1239 4196 saecularium
