2888 4890
191 387 235 451 46
456 402 628 451 cnnnrnu
654 402 1000 450 Anonosnxomcns.

190 563 308 626 hoardi
325 564 425 645 regis.
496 565 535 645 ›1‹
559 563 702 645 Signum
719 556 1084 643 manus·Frytogyaae
1099 559 1253 640 reginae.

197 664 235 743 ›1‹
259 664 402 745 Signum
435 683 557 727 manus
586 661 777 746 Cynegysli
810 661 956 725 abbatis.
1045 661 1085 742 ›1‹
1106 658 1253 741 Signum

190 784 313 828 manus
326 766 542 846 AEseburgae
560 764 767 829 abbatissae.

667 1059 784 1126 u111.

403 1182 681 1277 uinearum
708 1210 772 1274 or
797 1208 948 1288 ΚΕΝΤ,
971 1210 1048 1275 741.

247 1351 285 1430 ›1‹
302 1347 411 1412 ΑΝΝο
427 1340 616 1411 dominicae
635 1344 882 1409 incarnationis
902 1361 1073 1409 mccxm.
1089 1345 1251 1427 egoEad-

190 1447 284 1512 briht
317 1468 392 1525 rex,
428 1455 658 1528 cognomento
690 1445 831 1525 Eating,
868 1463 931 1526 pro
968 1444 1080 1508 salute
1115 1446 1250 1510 animae

191 1567 288 1612 meae
314 1548 464 1612 concedo
494 1546 681 1611 aecclesiae
707 1544 836 1608 Christi
868 1544 904 1608 in
925 1544 1141 1609 Dorobernia
1167 1565 1250 1628 cap·
1291 1623 1293 1626 Ι

191 1656 306 1713 turam
332 1648 475 1729 piscium
506 1666 594 1730 quae
617 1645 764 1710 habetur
790 1645 827 1708 in
854 1644 944 1709 ostio
972 1645 1121 1709 fluminis
1151 1646 1249 1710 cuius

192 1767 314 1811 nomen
336 1756 388 1812 est
411 1747 584 1824 Limenea,
607 1754 642 1810 et
659 1753 793 1828 partem
821 1745 898 1826 agri
920 1746 1043 1829 inqua
1067 1746 1171 1821 situm
1196 1753 1250 1811 est

192 1849 379 1912 oratorium
398 1848 509 1911 sancti
530 1847 687 1923 Martini,
703 1865 780 1909 cum
798 1844 956 1909 domibus
975 1845 1197 1927 piscatorum,
1213 1853 1249 1912 et

85 1991 87 1994 -
191 1954 351 2030 quartam
368 1954 501 2031 partem
525 1947 632 2011 aratri
652 1947 743 2010 circa
763 1946 908 2010 eundem
925 1944 1051 2022 locum,
1066 1953 1101 2010 et
1117 1966 1249 2029 pascua

193 2066 258 2112 mn.
272 2047 501 2112 iumentorum
518 2048 619 2111 iuxta
635 2065 828 2110 marascum
841 2045 900 2128 qui
913 2045 1038 2110 dicitur
1048 2046 1248 2129 Bisceopes·
1349 2104 1353 2114 ,

191 2148 271 2213 uuic
288 2167 398 2231 usquo
420 2148 463 2211 ad
488 2147 613 2211 siluam
630 2166 719 2230 quae
746 2145 941 2229 appellatur
959 2145 1065 2228 Rhip,
1084 2154 1120 2212 et
1136 2166 1246 2229 usque

192 2249 236 2312 ad
254 2249 416 2313 terminos
432 2246 709 2324 Suet-Saxoniae,
727 2246 879 2327 regimen
897 2245 1044 2311 habente
1059 2246 1248 2311 aecclesiae

191 2349 313 2412 beatae
331 2348 465 2412 Mariae
487 2367 576 2431 quae
597 2347 744 2411 habetur
771 2346 864 2429 apud
889 2345 1052 2411 Limenoa
1072 2346 1249 2412 (luitberto

191 2448 450 2531 archiepiscopo
487 2455 569 2513 tunc
595 2448 759 2531 temporis
792 2447 927 2510 abbate.
993 2447 1059 2512 Cui
1089 2448 1250 2512 uidelicet

192 2549 380 2613 aecclesiae
401 2548 491 2614 hanc
516 2568 628 2612 meam
649 2547 870 2612 donationem
893 2547 1095 2611 nominatim
1118 2549 1248 2612 contuli

189 2649 332 2713 liberam
344 2651 388 2713 ab
400 2650 492 2714 omni
509 2649 679 2713 saeculari
696 2647 849 2724 seruitio,
858 2648 1013 2730 exceptis
1031 2648 1107 2711 istis
1124 2649 1247 2725 tribus,

191 2750 419 2831 expeditione,
455 2750 570 2834 pontis
594 2755 629 2813 et
653 2749 743 2812 arcis
775 2748 1042 2812 constructione.
1104 2748 1139 2812 Si
1168 2749 1248 2831 quis

191 2848 255 2913 hoc
278 2870 391 2913 meum
417 2848 545 2913 donum
565 2849 697 2912 uiolare
714 2847 995 2932 praesumpserit,
1018 2848 1195 2931 disperdat
1212 2856 1248 2913 et

191 2949 345 3013 distruat
363 2949 461 3012 illum
494 2949 591 3027 deus,
618 2949 684 3012 nisi
713 2947 815 3012 celeri
851 2947 1087 3013 satisfactione
1118 2949 1247 3013 malum

190 3050 282 3130 quod
304 3049 385 3113 fecit
406 3049 574 3114 emendet.

666 3263 777 3328 ΜΝ.

375 3414 396 3456 *
421 3380 698 3478 uinearum
726 3400 967 3492 ornans,
989 3415 1066 3480 747.

255 3562 293 3641 ›1‹
320 3559 428 3625 Auno
458 3563 647 3627 dominicae
679 3563 926 3627 incarnationis
944 3580 1153 3630 ,oouxuvlu
1181 3585 1248 3648 ego

193 3661 384 3725 Eadbertus
401 3681 463 3725 rex
480 3663 625 3727 cantiae
646 3683 723 3727 cum
747 3682 919 3728 consensu
935 3663 1140 3745 optimatum
1158 3685 1248 3730 meo·

191 3781 278 3837 rum,
295 3761 492 3844 Bregowini
510 3763 758 3846 archiepiscopi
775 3771 810 3827 et
825 3771 1037 3828 caeterorum
1054 3764 1249 3847 principum

191 3881 355 3940 meorum,
372 3864 521 3928 concedo
539 3864 727 3930 aecclesiae
744 3883 833 3948 quae
851 3871 904 3928 est
925 3863 1015 3946 apud
1034 3863 1194 3943 Raculfe,
1213 3875 1249 3932 et

192 3961 252 4024 tibi
271 3963 457 4026 Deneheah
483 3965 573 4028 abba
597 3972 746 4047 tuaeque
773 3964 937 4041 familiae,
956 3984 1018 4046 pro
1044 3965 1157 4030 salute
1175 3967 1249 4030 ani·

191 4080 267 4124 mae
285 4082 393 4140 meae,
420 4065 571 4146 uectigal
592 4071 626 4128 et
644 4067 810 4129 tributum
839 4065 940 4128 unius
962 4065 1063 4128 nauis
1086 4065 1122 4128 in
1144 4073 1247 4149 portu

191 4179 232 4225 ac
258 4162 343 4226 uilla
366 4169 454 4246 quae
477 4164 603 4230 dicitur
625 4163 808 4243 Forduuic,
826 4165 870 4230 ad
884 4185 995 4248 opus,
1014 4172 1053 4229 ut
1071 4166 1249 4248 praelatus
1314 4253 1321 4264 ι
