2888 4890
190 364 256 431 188
440 383 612 432 canarno
633 381 980 434 ancnosnxonrcnn.

194 539 498 616 constructionem,
531 559 594 621 pro
625 540 833 622 competenti
865 541 1013 624 pecunia
1040 561 1145 624 quam
1178 562 1244 624 ego

195 641 312 723 accepi
335 640 380 704 ab
403 658 456 717 eo,
478 638 513 702 id
538 644 591 702 est
617 655 696 719 .c.n.
716 659 856 726 mancas
882 641 925 705 de
944 660 1032 722 puro
1058 661 1154 710 auro.
1207 642 1244 705 Si

194 740 272 823 quis
289 758 372 804 uero
388 738 477 802 hanc
497 738 697 820 largitionis
713 740 993 817 munificentiam,
1005 749 1144 823 arrepto
1162 761 1243 823 pro-

195 839 351 904 cacitatis
377 838 536 917 stimulo,·
556 837 742 921 infringere
766 840 822 903 uei
850 848 983 905 mutare
1009 849 1071 906 aut
1088 841 1243 906 minuere

194 939 427 1020 temptauerit,
449 938 538 1002 ‘sciat
560 957 597 1002 se
619 938 654 1002 in
673 938 735 1003 illa
756 939 874 1021 magni
896 940 1065 1005 examinis
1086 940 1142 1006 die
1165 960 1243 1005 cum

195 1039 266 1122 poli
289 1038 446 1103 cardines
468 1046 648 1120 terraeque
673 1037 897 1104 fundamenta
920 1041 1074 1105 simulet
1092 1041 1243 1125 inferno7

195 1137 1243 1223 rumimapauitandocont1·emescentlatibulaquumunius-

195 1238 361 1322 cuiusque
382 1237 514 1321 patebit
529 1257 615 1322 opus
639 1246 674 1302 et
695 1239 906 1303 conscientia
928 1239 1002 1303 sine
1023 1241 1151 1305 bonnm
1170 1239 1245 1305 sine

195 1338 323 1402 malum
341 1337 433 1421 quod
456 1338 612 1419 gesserit,
627 1338 658 1401 si
674 1357 743 1402 nou
765 1339 861 1421 prius
879 1339 1114 1404 satisfactione
1130 1360 1246 1404 emen-

195 1435 355 1502 dauerit.¹
399 1435 502 1502 Anno
526 1437 570 1502 ab
591 1437 828 1505 incarnatione
850 1438 978 1507 domini
1002 1440 1111 1505 nostri
1136 1439 1244 1505 Ihesu

196 1535 325 1602 Christi
355 1552 599 1620 .ncccc.xxvr.
626 1536 814 1603 indictione
842 1553 950 1602 .x1111.
1003 1538 1065 1602 Dis
1090 1539 1168 1605 sind
1195 1541 1245 1604 tta

194 1636 276 1701 land
307 1635 348 1701 be
375 1623 559 1702 AEaelstan
587 1655 679 1720 cyng
711 1627 886 1719 gebocade
913 1637 1061 1702 Ealdred
1087 1640 1157 1705 wia
1189 1639 1244 1703 his

195 1727 304 1802 clane
321 1727 518 1801 retonans
535 1737 739 1818 gewitnes'se
752 1740 797 1801 tte
814 1728 878 1801 her
891 1757 936 1801 on
952 1737 1042 1805 sind.
1219 1761 1223 1767 ·

125 1852 128 1858 ·
250 1838 289 1918 ›1‹
308 1835 385 1917 Ego
406 1836 631 1900 AEitelstanus
662 1855 725 1900 rex
748 1835 948 1901 fundamine
966 1844 1108 1903 sanctae
1130 1839 1245 1904 crucis

193 1935 385 2001 subarraui.
456 1936 496 2018 ›1‹
521 1935 598 2017 Ego
628 1933 822 2000 Wulfhelm
851 1937 1129 2021 archiepiscopus
1161 1940 1245 2003 sub,-

194 2036 329 2119 scripsi.
386 2038 425 2118 ›1‹
451 2035 528 2117 Ego
545 2034 710 2116 Wensige
736 2035 917 2119 episcopus
936 2037 1094 2103 consensi
1111 2045 1147 2103 et
1164 2039 1247 2103 snb-

194 2136 329 2218 scripsi.
369 2137 408 2217 ›1‹
447 2134 523 2216 Ego
546 2133 707 2201 Deodred
731 2136 913 2219 episcopus
936 2137 1094 2201 consensi
1109 2144 1145 2202 et
1161 2139 1246 2202 snb·

194 2235 329 2319 scripsi.
384 2237 425 2316 ›1‹
448 2234 525 2316 Ego
543 2234 722 2299 Beorneah
738 2235 921 2318 episcopus
937 2237 1095 2302 consensi
1109 2244 1145 2302 et
1162 2238 1244 2302 sub·

195 2336 329 2418 scripsi.
402 2336 441 2416 ›1‹
469 2334 545 2415 Ego
562 2334 691 2416 Sigelm
717 2335 899 2418 episcopus
923 2336 1079 2402 consensi
1100 2344 1136 2402 et
1161 2339 1244 2402 snb·

194 2435 326 2518 scripsi.
382 2435 421 2515 ›1‹
443 2433 520 2516 Ego
547 2432 679 2498 Eaduli
698 2435 880 2518 episcopus
914 2437 1074 2502 consensi
1099 2445 1135 2501 et
1162 2438 1245 2503 sub-

194 2535 325 2618 scripsi.
397 2536 436 2616 »1⁴
456 2533 533 2615 Ego
556 2532 697 2614 Eadgar
722 2533 902 2618 episcopus
928 2537 1087 2601 consensi
1113 2544 1148 2602 et
1164 2538 1246 2601 sub'-

193 2634 327 2718 scripsi.
386 2635 425 2715 ›1‹
450 2633 526 2714 Ego
562 2633 657 2697 AEiia
685 2633 866 2716 episcopus
907 2637 1065 2701 consensi
1093 2643 1129 2701 et
1161 2638 1245 2701 snb-

193 2732 328 2817 scripsi.
399 2737 438 2817 ›1‹
462 2733 538 2815 Ego
551 2731 721 2816 Cyneier’t
738 2734 920 2818 episcopus
939 2735 1099 2800 consensi
1113 2742 1148 2800 et
1164 2737 1247 2800 sub·

193 2835 328 2917 scripsi.
385 2837 424 2917 ›1‹
447 2834 523 2914 Ego
549 2832 687 2920 Ordgar
710 2833 780 2897 dux
804 2835 961 2899 consensi
983 2844 1018 2901 et
1043 2835 1244 2919 subscripsi.

198 2935 237 3015 »1⁴
259 2928 336 3016 Ego
352 2933 515 2998 AElfwaid
533 2933 606 2996 dux
623 2934 781 2996 consensi
801 2939 836 2997 et
852 2935 1050 3017 subscripsi.
1105 2936 1144 3016 »Β
1167 2935 1245 3019 Ego

195 3033 321 3098 Osier’o
338 3034 410 3097 dux
428 3032 586 3096 consensi
610 3039 646 3096 et
667 3028 874 3115 subscripsi.¹
923 3035 962 3115 ›1‹
985 3035 1061 3116 Ego
1080 3034 1246 3118 Wuligar

194 3133 265 3196 dux
282 3133 439 3196 consensi
462 3139 497 3195 et
519 3131 716 3214 subscripsi.
772 3133 811 3213 »Β
833 3132 909 3215 Ego
926 3133 1121 3198 Wuifhelm
1142 3135 1245 3199 disci-

194 3232 245 3297 fer
267 3233 368 3314 regis.
423 3233 465 3315 ›1‹
488 3232 563 3314 Ego
589 3231 723 3295 AEiired
745 3232 901 3296 minister
925 3235 1082 3299 consensi
1104 3242 1139 3299 et
1164 3235 1244 3300 sub-

194 3331 326 3415 scripsi.
382 3334 421 3414 ›1‹
444 3332 522 3413 Ego
547 3329 712 3396 C'eolstan
738 3332 895 3396 minister
918 3335 1077 3399 consensi
1104 3342 1140 3399 et
1163 3336 1250 3399 sub-⁴

194 3431 327 3514 scripsi.
370 3433 409 3513 ›1‹
421 3431 495 3512 Ego
506 3430 630 3494 AElsric
646 3431 802 3496 minister
817 3431 977 3498 consensi
992 3441 1027 3498 et
1043 3434 1244 3517 subscripsi.

197 3534 237 3616 ›1‹
258 3530 334 3614 Ego
363 3531 486 3594 AEisric
511 3530 667 3594 minister
689 3532 849 3595 consensi
878 3538 913 3601 et
941 3534 1140 3617 subscripsi.
1197 3537 1238 3616 ›1‹

194 3632 270 3714 Ego
289 3629 421 3695 Eaduii
435 3630 588 3694 minister
607 3631 765 3695 consensi
787 3639 822 3696 et
847 3633 1047 3721 subscripsi.
1103 3636 1142 3716 ›1‹
1166 3634 1250 3716 Ego

194 3731 403 3797 Heaimstan
425 3728 581 3794 minister
605 3730 761 3794 consensi
788 3738 823 3796 et
849 3732 1048 3816 subscripsi.
1104 3736 1143 3816 »Β
1167 3733 1245 3816 Ego

193 3830 327 3895 AElfred
365 3830 520 3894 minister
555 3831 713 3894 consensi
751 3837 787 3895 et
825 3833 1024 3916 subscripsi.
1097 3835 1136 3915 ›1‹
1165 3833 1244 3916 Ego

193 3931 331 3996 AE’oelm
346 3930 501 4014 minister
517 3930 675 3996 consensi
692 3937 726 3994 et
743 3930 942 4016 subscripsi.

652 4118 715 4186 ¹·Sic
728 4119 786 4171 MS.
