2888 4890
245 365 290 429 32
511 379 683 427 onnarnn
709 376 1052 427 nueuosnxonronn.

247 537 290 601 ad
305 537 499 601 memoriam
514 536 653 601 retracti
666 557 727 618 per
739 536 912 600 dominum
927 536 1154 620 apostolicum
1167 535 1307 620 Agath-

247 658 345 702 onem
370 657 497 721 papam
519 638 569 701 ita
590 636 843 719 inrefragabilis
868 645 903 701 et
924 638 1134 702 inuiolabilis
1157 657 1179 702 a
1206 639 1307 702 nobis

247 738 443 821 nostrisque
480 737 734 801 suecessoribus
771 744 995 820 utrorumque
1029 738 1306 821 praenominato-

247 858 322 903 rum
352 838 532 903 ciuitatum
555 845 721 922 perpetuo
749 838 939 903 stabilitate
963 838 1109 902 firmani.
1162 838 1200 902 Si
1227 840 1306 922 quis

247 959 343 1015 uero,
370 939 461 1021 quod
494 959 563 1003 non
596 945 768 1021 optamus,
799 938 975 1003 obstinata
1003 940 1222 1004 contumacia
1252 940 1307 1003 his

247 1038 441 1102 salubribus
460 1039 599 1105 statutis
623 1038 855 1122 obpugnando
877 1039 1048 1103 contraire
1071 1040 1307 1122 temptauerit,

248 1140 403 1223 quisquis
426 1140 483 1203 ille
505 1141 561 1217 sit,
584 1140 672 1203 sciat
695 1140 860 1202 canonica
884 1140 1061 1203 subiacere
1081 1140 1253 1203 sententia
1269 1148 1306 1205 et

247 1259 269 1304 a
298 1241 420 1324 synodi
455 1240 557 1304 huius
584 1239 822 1303 communione
857 1258 931 1303 esse
961 1240 1161 1304 damnatum
1192 1240 1248 1304 nel
1283 1260 1307 1305 a

247 1341 510 1424 participatione
556 1340 710 1422 eorporis
745 1346 781 1403 et
812 1340 990 1422 sanguinis
1028 1340 1158 1405 domini
1193 1343 1305 1405 nostri

249 1440 354 1505 Ihesu
374 1440 503 1505 Christi
521 1448 731 1522 separatum.

290 1542 329 1622 »14
341 1542 417 1623 Ego
434 1538 646 1625 [AEgsridus]
658 1560 718 1603 rex
726 1538 998 1603 Humbrensium
1012 1540 1065 1603 his
1081 1541 1306 1625 synodalibus

248 1650 284 1706 et
297 1642 470 1706 canonicis
486 1642 682 1705 constitutis
697 1641 915 1705 consentiens
931 1642 1121 1706 subscribo.
1178 1630 1306 1723 »14Εςο

248 1741 488 1824 [AErelredus]
505 1761 565 1805 rex
583 1741 791 1805 Marciorum
807 1740 859 1802 his
875 1741 1098 1824 synodalibus
1114 1751 1149 1806 et
1163 1741 1305 1806 canoni-

248 1843 298 1905 cis
314 1842 511 1906 constitutis
528 1841 745 1906 consentiens
762 1842 953 1905 subscribo.
1009 1844 1048 1924 »14
1069 1841 1145 1925 Ego
1158 1841 1312 1907 Alduuls

247 1962 309 2005 rex
339 1939 708 2027 East[e]r·Anglorum
741 1940 794 2003 his
823 1941 1048 2023 synodalibus
1071 1949 1106 2007 et
1131 1943 1306 2006 canonicis

249 2043 447 2107 constitutis
463 2043 682 2107 consentiens
700 2042 887 2104 subscribo.
939 2043 978 2123 »14
999 2042 1075 2124 Ego
1094 2040 1305 2125 [Cloberius]

247 2163 308 2206 rex
329 2141 589 2207 Cantuariorum
610 2142 664 2206 his
681 2141 904 2225 synodalibus
924 2150 959 2206 et
982 2143 1155 2206 canonicis
1177 2144 1307 2208 eonsti-

247 2245 333 2308 tutis
350 2245 566 2308 consentiens
583 2243 770 2307 subscribo.
817 2243 856 2323 »14
880 2242 955 2323 Ego
972 2241 1175 2308 Theodorus
1190 2246 1306 2326 gratia

248 2344 303 2406 dei
327 2343 606 2428 archiepiscopus
630 2342 831 2407 Britanniae
853 2351 889 2407 ot
910 2343 1109 2408 ciuitatibus
1129 2344 1305 2409 Dorouer-

248 2443 325 2508 niae
344 2446 564 2510 consentiens
581 2444 769 2509 subscribo.

716 2635 835 2648 ιιι-

637 2750 926 2817 Dccccxcll.

298 2884 679 2954 *cAEDUUALHA
708 2891 771 2955 OF
795 2891 1013 2970 WESSEX,
1030 2891 1123 2975 Aug.
1136 2894 1170 2972 3,
1186 2893 1263 2959 683.

317 3040 356 3120 »14
394 3037 440 3101 In
474 3039 610 3102 nomine
649 3041 834 3106 saluatoris
870 3042 978 3107 nostri
1020 3042 1123 3106 lhesu
1157 3042 1305 3109 Ohristi!

250 3136 349 3201 Nihil
374 3138 550 3202 intulimus
578 3140 613 3203 in
639 3140 731 3206 hunc
756 3143 931 3231 mundum,
948 3163 1066 3207 uerum
1092 3165 1154 3209 nee
1172 3145 1306 3208 auferre

249 3238 329 3320 quid
349 3258 550 3320 possumns3
571 3240 699 3306 idcirco
728 3244 873 3307 terrenis
896 3251 930 3308 et
947 3243 1085 3308 caducis
1108 3252 1249 3309 aeterna
1270 3253 1305 3310 et

249 3338 413 3403 coelestia
443 3359 612 3422 supernae
650 3343 783 3424 patriae
813 3344 966 3426 praemia
1001 3346 1186 3409 mercanda
1212 3356 1305 3415 sunt.

250 3436 473 3522 Quapropter
495 3460 560 3521 ego
578 3438 801 3520 anduualla,
822 3443 1026 3527 disponente
1049 3444 1197 3522 domine,
1231 3466 1305 3524 rex,

249 3546 392 3618 rogatus
417 3559 439 3602 a
464 3542 659 3605 uenerando
683 3542 858 3607 Uuillrido
885 3545 1047 3627 episcopo
1076 3546 1127 3610 uti
1154 3546 1219 3609 sibi
1244 3547 1308 3611 ali·

249 3639 452 3720 quantulam
476 3646 603 3704 terram
633 3642 677 3706 ad
705 3643 907 3727 suffragium
939 3645 1144 3709 famulorum
1168 3644 1307 3724 Christi,

250 3739 309 3819 qui
339 3739 446 3803 uitam
474 3741 706 3807 coenobialem
734 3744 875 3826 degant,
902 3753 937 3809 et
966 3746 1009 3809 ad
1040 3747 1306 3811 construendum

250 3840 494 3904 monasterium
513 3842 548 3904 in
566 3842 643 3906 loco
659 3845 718 3926 qui
735 3853 881 3910 uocatur
906 3845 1092 3928 Seelesige,
1108 3866 1171 3929 pro
1192 3847 1308 3912 relax-

250 3939 369 4028 atione
413 3940 590 4004 criminum
628 3952 663 4008 et
697 3947 855 4028 perpetui
898 3947 1040 4028 praemii
1076 3948 1306 4030 receptaculo,

249 4037 368 4121 largiri
405 4039 584 4122 dignarer:
624 4045 722 4108 cuins
766 4047 925 4128 precibus
958 4066 1127 4125 annuens,
1163 4048 1305 4112 eandem

249 4148 376 4203 terram
399 4140 442 4204 de
467 4161 536 4224 qua
554 4162 740 4226 suggerere
756 4146 952 4224 uidebatur,
974 4168 1037 4230 pro
1062 4148 1212 4212 remedio
1236 4149 1306 4212 ani-
