2888 4890
189 342 257 407 206
446 359 618 407 cuanrnn
642 356 989 407 nnonosnxonronn.

191 521 317 598 scopus
328 514 488 580 consensi
501 522 535 579 et
552 514 749 598 subscripsi.
806 517 846 597 ›1‹
872 516 947 598 Ego
966 515 1046 580 Oda
1060 517 1245 599 episcopus

191 617 350 681 consensi
364 623 398 680 et
419 616 614 696 subscripsi.
671 618 710 699 ›1‹
730 615 807 696 Ego
823 616 946 680 AElfric
960 617 1070 680 abbas
1086 616 1245 681 consensi

191 724 227 780 et
252 717 448 799 subscripsi.
522 717 561 796 ›1‹
592 716 668 796 Ego
684 716 848 780 Eadwine
876 717 984 781 abbas
1013 715 1171 781 consensi
1208 722 1244 779 et

191 816 388 898 subscripsi.
445 818 484 898 ›1‹
504 815 581 895 Ego
610 815 780 899 Byrhsige
810 816 991 900 episcopus
1018 815 1176 881 consensi
1208 823 1244 880 et

192 916 386 998 subscripsi.
454 918 493 997 »ιι
510 915 587 996 Ego
604 913 725 979 Oslerd
741 916 812 980 dux
834 917 1030 1000 subscripsi.
1104 919 1144 999 ›1‹
1165 915 1244 997 Ego

192 1015 357 1080 AEllwold
372 1015 443 1079 dux
461 1015 618 1079 consensi
631 1022 666 1079 et
681 1017 880 1099 subscripsi.
938 1018 977 1099 »Β
1001 1016 1078 1098 Ego
1092 1015 1243 1080 Ealdred

191 1116 264 1180 dux
293 1116 450 1180 consensi
475 1124 510 1181 ct
533 1116 731 1198 subscripsi.
803 1119 842 1198 ›1‹
873 1117 950 1198 Ego
966 1118 1143 1183 AEscbriht
1169 1115 1243 1180 dux

149 1214 151 1219 ’
192 1217 349 1280 consensi
367 1223 401 1280 et
416 1215 613 1298 subscripsi.
669 1218 708 1298 ›1‹
732 1216 809 1298 Ego
826 1217 979 1281 AElfstan
996 1217 1070 1282 dux
1084 1217 1244 1282 consensi

191 1323 227 1380 et
239 1317 438 1399 subscripsi.
494 1317 533 1398 ›1‹
554 1316 630 1397 Ego
649 1315 727 1381 Oda
744 1317 899 1382 minister
919 1318 1077 1381 consensi
1101 1325 1136 1382 et
1162 1318 1245 1380 suba

191 1417 324 1499 scripsi.
382 1419 421 1498 ›1‹
454 1417 531 1497 'Ego
546 1415 690 1481 AElsheh
721 1417 876 1481 minister
906 1417 1065 1482 consensi
1094 1426 1130 1482 et
1161 1418 1243 1481 sub-

191 1517 322 1598 scripsi.
415 1519 453 1598 ᾧ
490 1516 566 1598 Ego
600 1516 785 1581 AE’delstan
822 1517 976 1581 minister
1011 1518 1170 1582 consensi
1209 1523 1245 1581 et

192 1616 389 1699 subscripsi.
448 1619 486 1700 ›1‹
507 1617 584 1696 Ego
607 1617 732 1681 AElfric
752 1618 908 1682 minister
930 1618 1088 1682 consensi
1109 1625 1146 1683 et
1162 1619 1245 1682 sub·

192 1717 323 1798 scripsi.
381 1719 419 1798 ›1‹
440 1716 516 1798 Ego
535 1717 659 1781 Eadric
677 1717 831 1782 minister
847 1718 1006 1782 consensi
1020 1726 1055 1783 et
1069 1719 1244 1800 subscrip-

192 1817 231 1880 si.
290 1820 328 1901 *1⁴
349 1817 426 1899 Ego
443 1816 675 1881 Godesscealc
691 1819 852 1883 sacerdos
865 1818 1032 1884 minister.

644 2169 806 2236 novin

409 2307 702 2415 AEonnsuin,
725 2335 818 2420 Aug.
834 2337 929 2417 aoth,
945 2339 1020 2404 932.

204 2550 206 2557 ,
248 2510 288 2590 ›1‹
308 2506 483 2570 Funerum
515 2505 651 2571 fortiter
673 2506 876 2571 detestanda
903 2508 1087 2574 totillantis
1115 2513 1245 2577 saeculi

193 2607 343 2692 piacula,
359 2606 441 2670 diris
464 2607 633 2676 obscenae
655 2605 911 2690 horrendaeque
933 2609 1157 2676 mortalitatis
1174 2614 1242 2677 cir·

192 2714 372 2790 cumsepta
395 2706 590 2783 latratibus,
616 2726 685 2775 non
715 2726 779 2771 nos
812 2709 932 2790 patria.
958 2709 1119 2793 indeptae
1147 2715 1245 2795 pacis

191 2826 345 2884 securos,
365 2807 425 2872 sed
449 2807 549 2889 qnasi
573 2806 721 2871 foetidae
745 2809 962 2890 corruptelae
983 2809 1019 2875 in
1043 2814 1242 2894 uoraginem

193 2927 349 2983 casuros,
366 2907 587 2990 prouocando
604 2914 804 2971 ammonent
815 2916 861 2975 ¹ut
877 2928 920 2973 ea
935 2915 1008 2978 toto
1024 2913 1150 2977 mentis
1165 2933 1245 2978 con·

194 3008 306 3072 amine
323 3027 400 3070 cum
419 3006 556 3070 casibus
572 3006 657 3084 suis,
673 3026 742 3070 non
759 3007 869 3070 solum
888 3009 1106 3093 despiciendo
1124 3033 1244 3079 uerum

194 3108 298 3174 etiam
321 3107 418 3177 uelut
435 3105 657 3170 'fastidiosam
681 3106 904 3174 melancoliae
929 3111 1087 3177 nausiam
1111 3113 1245 3179 abomi-

195 3207 308 3271 nando
344 3206 530 3289 fugiamus,
563 3206 743 3271 tendentes
778 3208 821 3270 ad
852 3208 937 3272 illud
970 3213 1245 3294 euuangelicum,

195 3308 321 3384 ‘Date
345 3314 380 3370 et
405 3307 543 3370 dabitur
575 3304 696 3373 uobis?
748 3305 829 3385 Qua
855 3308 899 3372 de
925 3329 974 3387 re,
1002 3310 1119 3379 infima
1144 3316 1246 3396 quasi

193 3408 387 3490 peripsema
409 3407 736 3490 conquisquiliarum
760 3408 936 3488 abiiciens,
952 3429 1101 3493 superna
1124 3414 1170 3477 ad
1191 3415 1245 3481 in·

194 3517 268 3573 star
285 3508 534 3589 praetiosorum
556 3506 735 3570 monilium
755 3507 897 3590 eligens,
914 3510 958 3573 ad
981 3513 1247 3580 nanciscendam

195 3608 379 3672 mellifluae
412 3606 605 3678 dulcedinis¹
635 3608 903 3677 misericordiam
937 3610 1248 3698 perimendamque

195 3709 348 3773 infinitae
378 3708 531 3772 laetitiae
561 3707 818 3787 iocunditatem,
842 3729 909 3790 ego
931 3711 1158 3778 AEiielstanns
1183 3736 1247 3781 rex

195 3807 400 3891 Anglorum
418 3827 479 3890 per
498 3808 740 3873 omnitenentis
767 3808 945 3875 dexteram
970 3812 1078 3878 totius
1105 3813 1247 3880 Britan*

195 3910 273 3973 niae
297 3909 395 3990 regni
412 3907 500 3972 solio
520 3907 739 3984 sublimatus
754 3909 927 3991 quandam
944 3910 1075 3977 telluris
1092 3915 1247 3996 partica.

195 4009 265 4072 lam
289 4028 366 4072 meo
388 4007 481 4071 fideli
497 4007 654 4078 ministro
671 4008 915 4092 AEnelgeardo,
933 4010 969 4075 id
991 4019 1045 4077 est
1066 4014 1246 4081 duodecim

195 4115 409 4185 cassatorum
426 4107 462 4171 in
478 4105 674 4198 locoquem
695 4108 858 4181 solicolae
876 4117 922 4179 aet
935 4111 1063 4178 Meone
1079 4116 1247 4194 uocitant,
