2888 4890
443 333 615 381 enarras
639 333 984 383 auouosaxomoan.
1179 316 1246 380 403

189 511 265 555 rum
286 490 541 573 amicorumque
565 490 747 554 amissione
776 489 997 572 conqueritur
1019 507 1061 553 ao
1086 488 1243 554 defletur.

191 590 414 674 Quapropter
449 610 514 672 ego
543 590 664 655 Eadwi
692 588 968 673 Angligenarum
997 608 1061 653 rex
1093 596 1244 654 caetera·
1272 592 1274 597 ’

191 710 337 774 rumque
359 692 513 773 gentium
538 690 574 754 in
596 689 742 755 circuitu
757 690 1034 772 persistentium,
1051 689 1144 754 fideli
1166 708 1243 754 meo

191 791 362 868 ministro,
386 791 541 855 uocitato
568 790 704 854 nomine
725 789 886 867 Eadrico,
903 791 948 853 ob
974 789 1067 853 illius
1096 789 1244 854 amabile

192 893 395 974 obsequium
419 890 560 974 eiusque
581 889 743 972 placabili
763 889 930 954 fidelitate
946 909 994 954 .x.
1014 908 1152 954 mansas
1176 889 1245 953 lar·

192 991 317 1074 giendo
342 991 488 1055 libenter
519 990 708 1055 concodeus
739 990 935 1073 perdonabo
966 989 1037 1054 illic
1071 991 1130 1053 ubi
1164 989 1244 1053 uul-

193 1111 261 1173 gus
282 1091 396 1174 prisca
412 1090 578 1155 relatione
592 1091 724 1155 uocitat
738 1098 785 1154 aet
801 1089 1061 1166 Lechamstede,
1079 1090 1244 1172 quatinus

192 1191 251 1255 ille
278 1193 364 1255 bene
388 1191 585 1274 perfruatur
611 1210 653 1256 ac
680 1189 926 1273 perpetualiter
952 1189 1140 1274 possideat,
1162 1190 1244 1253 dum

194 1291 295 1356 buius
323 1292 471 1355 labentis
508 1291 587 1355 aeui
615 1310 754 1354 cursum
784 1297 937 1355 transeat
971 1290 1113 1354 illaesus
1140 1298 1245 1372 atque

195 1391 312 1457 uitalis
325 1390 467 1475 spiritus
481 1390 518 1454 in
535 1389 750 1475 corruptibili
766 1410 869 1457 carue
891 1389 1087 1470 inhaereat3
1111 1396 1147 1453 et
1165 1399 1246 1472 post

90 1490 93 1495 ’
195 1511 233 1556 se
256 1491 458 1573 cuicumque
473 1490 623 1556 uoluerit
638 1492 833 1574 perenniter
855 1489 993 1555 haeredi
1017 1490 1246 1572 derelinquat,

194 1591 297 1657 sicuti
319 1591 485 1674 praedixi.
553 1591 608 1655 Sit
635 1597 751 1654 autem
775 1589 988 1674 praedictum
1014 1609 1073 1654 rus
1098 1590 1244 1653 liberum

196 1694 240 1757 ab
255 1691 349 1755 omni
362 1689 527 1756 mundiali
545 1691 736 1767 obstaculo,
749 1711 828 1755 oum
844 1691 1001 1755 omnibus
1015 1709 1104 1774 quae
1121 1690 1186 1754 rite
1200 1689 1244 1754 ad

193 1792 307 1875 ipsum
332 1792 446 1856 locum
475 1791 646 1873 pertinere
680 1790 916 1870 dinoscuntur,
950 1799 1022 1855 tam
1049 1791 1085 1853 in
1109 1789 1246 1872 magnis

194 1912 300 1976 quam
320 1891 356 1955 in
377 1890 519 1955 modicis
541 1892 656 1968 rebus,
673 1890 816 1973 campis,
833 1890 984 1974 pascuis,
999 1891 1119 1972 pratis,
1135 1889 1246 1968 siluis,

196 1998 342 2075 excepto
357 1992 434 2055 istis
448 1991 571 2069 tribus,
585 1990 816 2074 expeditione,
827 1989 944 2073 pontis
959 1991 1094 2055 arcisue
1111 1990 1247 2054 coaedi-

195 2093 366 2170 ficatione,
382 2092 524 2175 insuper
538 2091 582 2154 ad
599 2097 823 2173 augmentum
837 2090 1032 2174 praedictae
1047 2089 1247 2155 donationis

195 2192 321 2275 gratia,
361 2211 465 2255 unam
507 2190 670 2255 molinam
705 2192 807 2256 iuxta
851 2189 1046 2255 diriuatiuis
1088 2191 1247 2254 cursibus

197 2312 365 2376 aquarum
383 2291 602 2355 Lambuman
624 2291 817 2375 perpetuali
839 2291 1024 2356 donatione
1048 2289 1126 2355 dedi
1149 2310 1247 2375 prae·

194 2394 287 2456 dicto
298 2391 467 2457 ministro.
497 2389 577 2455 Hoc
587 2397 738 2473 tempore
750 2391 995 2456 cachinnantes
1008 2389 1151 2455 naenias
1164 2392 1246 2454 sub·

137 2560 140 2564 ,
196 2493 308 2556 dolosi
335 2492 436 2555 buius
464 2491 593 2557 saeculi
620 2492 846 2556 dinoscuntur
865 2492 1037 2557 interdum
1065 2491 1248 2555 inchoasse

197 2593 345 2657 alienum
360 2591 492 2656 lucrum
515 2591 581 2656 sibi
600 2592 802 2675 usurpatiue
823 2611 901 2656 cum
919 2591 1105 2656 ambitione
1119 2591 1246 2673 iniqui·

195 2693 279 2758 tatis
304 2693 497 2769 nendicare,
515 2692 576 2756 sed
591 2699 767 2774 torpentes
784 2693 953 2757 auaritiae
968 2691 1123 2756 incessus
1137 2691 1247 2755 omni·

196 2794 297 2857 modo
322 2793 359 2857 in
384 2793 522 2857 nomine
543 2800 685 2857 sanctae
709 2792 875 2857 trinitatis
896 2794 939 2855 ab
954 2791 1111 2860 omnibus
1127 2791 1247 2856 Chris·

196 2892 299 2958 tianis
314 2892 494 2971 interdico,
506 2892 557 2956 ita
580 2899 620 2956 ut
643 2912 757 2957 meum
777 2892 905 2957 donum
927 2893 1184 2956 corroboratum
1201 2890 1248 2955 sit

197 3013 275 3057 curn
299 2992 476 3074 signaculo
504 3000 646 3057 sanctae
671 2991 793 3056 crucis.
845 2992 960 3056 Etiam
985 2992 1016 3056 si
1039 2992 1116 3074 quis
1140 2990 1246 3055 alium

198 3093 379 3175 antiquum
403 3093 528 3156 librum
549 3092 586 3156 in
608 3091 792 3174 propatulo
814 3091 1008 3174 protulerit,
1023 3110 1086 3155 nec
1101 3091 1167 3155 sibi
1183 3110 1248 3155 nec

197 3193 274 3258 aliis
301 3192 469 3276 proficiat,
485 3191 543 3256 sed
572 3191 607 3256 in
631 3191 839 3273 sempiterno
860 3179 1006 3278 graphio
1030 3191 1197 3269 deleatur,
1212 3204 1248 3257 et

198 3313 276 3357 cum
291 3292 391 3358 iustis
412 3313 481 3356 non
501 3292 672 3357 scribatur
683 3311 747 3356 nec
765 3291 935 3359 audiatur.
987 3292 1147 3376 Denique
1163 3312 1249 3357 uero

198 3394 228 3457 si
253 3392 342 3474 quis,
365 3393 465 3457 nobis
498 3412 567 3456 non
593 3391 807 3475 optantibus,
834 3391 988 3458 nostrum
1020 3393 1085 3458 boo
1118 3393 1246 3456 donum

199 3493 323 3558 uiolari
356 3492 592 3557 fraudulenter
627 3492 856 3574 perpetrando
880 3493 1105 3568 consenserit,
1135 3493 1248 3555 consi·

198 3593 294 3657 deret
318 3593 397 3656 hinc
423 3612 460 3656 se
487 3592 542 3656 die
569 3592 691 3656 ultima
714 3591 831 3656 iudicii
859 3611 974 3657 coram
996 3592 1060 3655 deo
1080 3591 1248 3656 rationem

197 3693 422 3770 redditurum,
439 3699 545 3776 atque
563 3711 640 3755 cum
664 3692 819 3774 reprobis
841 3693 964 3774 quibus
991 3692 1127 3768 dicitur,
1142 3697 1151 3726 ‘
1165 3692 1247 3756 Dis·

198 3794 310 3858 cedite
326 3812 415 3857 ame
430 3792 604 3856 maledicti
616 3792 650 3855 in
667 3791 783 3872 ignem
798 3791 1000 3870 aeternum,'
1017 3790 1136 3875 poenis
1153 3799 1248 3856 atro·

196 3895 293 3957 cibus
311 3912 347 3956 se
365 3912 440 3957 esse
463 3911 657 3974 passurum,
672 3891 702 3954 si
719 3912 787 3956 uon
808 3901 913 3957 autea
931 3911 1095 3976 corporea
1117 3891 1247 3956 lamen-

197 3995 328 4058 tatione
342 3991 583 4057 emendauerit.

588 4131 682 4178 FlNlS
709 4131 797 4178 ΤΟΜΙ
827 4134 856 4178 V.
