2888 4890
405 404 578 454 curaris
599 404 946 454 uuonosixourcxn.
1131 387 1199 452 227

141 559 361 640 amittuntur,
388 562 450 627 sed
479 562 557 646 plus
583 562 785 628 habundant
813 563 894 626 dum
922 562 1075 627 cernitur
1103 564 1195 646 quod

142 666 290 725 amatur.
342 661 566 746 Quapropter
596 682 662 744 ego
691 663 930 739 AEttelstanus,
961 663 1125 726 nodante'
1140 663 1197 726 dei

142 761 268 840 gratia,
287 762 437 827 basileos
455 761 648 843 Anglorum
672 769 707 826 et
727 782 838 845 aeque
864 761 972 826 totius
992 763 1195 827 Britanniae

145 859 238 925 orbis
265 862 465 944 curagulus,
491 861 686 944 perpetuali
712 861 872 926 libertate
901 862 1084 926 tribuendo
1112 882 1193 926 con-

143 957 233 1024 dono
260 961 449 1026 uenerabili
468 961 615 1042 collegio
636 960 918 1026 Christicolarum
938 962 973 1024 in
992 961 1052 1025 illo
1068 963 1194 1026 celebri

142 1057 219 1124 loco
240 1061 301 1143 qui
321 1060 593 1126 diciturWiltuu
612 1061 656 1124 ad
674 1061 876 1125 aecclesiam
896 1068 1038 1125 sauctae
1059 1060 1194 1125 Mariae

142 1160 263 1224 matris
290 1160 420 1225 domini
440 1161 476 1224 in
503 1161 713 1244 sempiterna
731 1160 944 1225 haereditate
967 1177 1027 1225 ‚vl.
1052 1178 1193 1226 mansas

141 1258 297 1325 hilariter
314 1261 546 1343 inpenderem,
561 1261 620 1325 ubi
637 1261 807 1325 ruricolae
821 1260 965 1343 antiquo
981 1280 1047 1324 usu
1070 1280 1194 1325 nomen

142 1358 369 1441 inposuerunt
394 1367 429 1424 et
456 1360 666 1444 appellatiuo
700 1359 867 1424 relatione
902 1371 1192 1442 nuncupauerunt

144 1458 401 1542 Brydancumb,
423 1461 524 1525 iuxta
549 1460 744 1525 diriuatiuis
773 1478 941 1543 aquarum
967 1461 1123 1525 cursibus
1147 1469 1194 1526 aet

144 1556 301 1638 Noddre,
320 1567 360 1625 ut
383 1560 445 1625 illa
466 1560 624 1642 praelata
643 1561 865 1642 congregatio
887 1561 1098 1642 praedictam
1124 1568 1193 1625 ter·

144 1676 219 1722 ram
233 1659 360 1725 habeat
373 1680 414 1725 ac
430 1660 606 1744 possideat
622 1660 701 1724 cum
718 1660 876 1723 omnibus
892 1659 936 1724 ad
952 1680 989 1723 se
1006 1661 1072 1724 rite
1088 1661 1193 1743 perti·

144 1759 314 1836 uentibus,
336 1761 478 1842 campiS,
508 1761 629 1844 pratis,
662 1760 812 1842 pascuiS,
831 1759 1058 1841 diriuatisque
1088 1761 1193 1824 cursi-

143 1860 209 1923 bus
224 1878 403 1942 aquarum,
421 1879 484 1924 ceu
506 1860 776 1942 supradiximus,
791 1859 827 1922 in
846 1865 1021 1923 aeternam
1038 1859 1193 1924 haeredi-

145 1965 263 2023 tatem.
295 1957 375 2024 Hoc
395 1965 511 2024 autem
527 1959 741 2024 fructuosum
756 1957 937 2040 eulogigae
954 1959 1193 2023 munusculum

144 2058 180 2121 in
209 2058 418 2142 sempiterno
440 2060 586 2142 graphio
607 2079 686 2123 cum
713 2059 894 2141 signaculo
916 2065 1056 2123 sanctae
1081 2060 1193 2123 crucis

144 2166 283 2223 maneat
295 2178 357 2242 pro
372 2160 605 2243 redemptione
619 2159 832 2241 piaculorum
846 2177 1000 2222 meorum
1015 2176 1147 2221 necnon
1159 2166 1195 2223 et

145 2257 385 2340 germanitatis
410 2279 507 2324 meae
526 2259 702 2334 Eadtlede,
719 2267 862 2324 eatenus
884 2265 924 2322 ut
953 2265 1070 2321 uestra
1091 2276 1195 2322 uene·

143 2357 254 2423 randa
268 2360 479 2424 monasticae
495 2359 617 2424 classis
633 2367 775 2422 caterua
791 2357 980 2421 medullata
999 2356 1195 2421 orationum

145 2457 443 2524 holocaustomata
467 2460 681 2525 concorditer
706 2459 815 2522 nostri
837 2457 1036 2521 memoriam
1060 2477 1194 2523 summo

145 2559 282 2622 tonanti
291 2559 531 2623 commendare
546 2579 615 2623 non
629 2559 759 2640 pigeat.
787 2557 840 2621 Sit
852 2564 966 2621 autem
983 2557 1195 2639 praedictum

144 2677 205 2721 rus
226 2658 270 2721 ab
292 2658 386 2722 omni
409 2659 576 2723 mundiali
597 2678 702 2723 censu
724 2665 759 2722 et
780 2657 889 2738 regali
912 2657 1091 2720 coactione
1113 2657 1195 2721 libe-

145 2776 234 2835 rum,
252 2759 409 2840 exceptis
429 2759 506 2823 istis
528 2759 648 2836 tribus,
670 2757 897 2840 expeditione,
919 2756 1008 2819 arcis
1035 2757 1196 2837 pontisue

147 2858 414 2922 constructione.
450 2858 494 2922 In
507 2859 639 2923 cunctis
654 2877 738 2921 uero
754 2856 1008 2921 successoribus
1024 2855 1117 2938 [qui]
1131 2855 1196 2921 hoc

146 2956 201 3022 ius
212 2957 406 3022 donationis
423 2958 581 3040 augendo
598 2956 841 3040 amplificando
853 2955 1056 3037 satagerint,
1069 2964 1197 3038 augeat

146 3057 401 3141 amplificatque
430 3058 673 3141 cunctiparens
705 3055 842 3140 genitor
868 3057 905 3120 in
931 3056 996 3120 hoc
1025 3057 1197 3137 praesenti

146 3157 256 3222 uitam
271 3157 422 3233 illorum,
439 3164 474 3221 et
496 3159 586 3221 inter
609 3156 757 3221 coelibes
779 3157 872 3221 beati
891 3156 1098 3239 ioelicesque
1124 3157 1197 3222 sine

147 3256 216 3321 fine
234 3256 271 3321 in
287 3264 428 3322 aeterua
444 3256 539 3321 doxa
560 3257 743 3322 laetentur.
795 3256 832 3320 Si
856 3257 933 3339 quis
956 3262 1084 3333 autem,
1106 3257 1198 3338 quod

146 3376 216 3420 non
247 3362 421 3439 optamus,
451 3355 538 3420 hanc
573 3362 728 3421 nostram
761 3355 977 3420 donationem
1011 3354 1198 3436 infringere

148 3456 383 3540 temptauerit,
409 3475 594 3540 perpessus
619 3456 666 3520 sit
693 3455 816 3536 gelidis
841 3454 1027 3536 glacierum
1045 3454 1198 3530 flatibus,

148 3565 185 3621 et
205 3556 436 3639 malignorum
456 3556 641 3638 spirituum
663 3554 832 3620 terribiles
854 3560 1101 3618 tormentorum
1121 3572 1199 3616 cru·

148 3652 262 3720 datus
279 3655 434 3721 euasisse
445 3675 514 3720 non
528 3654 696 3739 quiescat,
709 3653 776 3717 nisi
791 3652 887 3736 prius
900 3653 937 3716 in
954 3652 1062 3733 riguis
1080 3652 1199 3735 poeni·

148 3755 280 3820 tentiae
305 3754 491 3838 gemitibus
520 3763 555 3820 et
582 3774 671 3838 pura
695 3752 933 3818 emendatione
956 3750 1199 3816 emendauerit.

150 3853 236 3919 Istis
258 3856 413 3920 terminis
430 3855 607 3938 praedicta
626 3861 718 3919 terra
736 3854 990 3934 circumgyrata
1011 3869 1086 3914 esse
1104 3850 1200 3914 uide·

150 3960 218 4018 tur.
270 3954 336 4020 Dis
361 3955 495 4038 syndon
519 3960 566 4020 tta
594 3943 826 4035 landgemffiro
854 3959 901 4016 aet
925 3941 1200 4043 Brydancumbe.

152 4053 204 4118 Ol
217 4053 359 4119 Noddre
382 4042 484 4119 statie
500 4046 550 4137 up
571 4055 645 4119 ofer
661 4042 840 4118 eastcumb
856 4038 930 4116 swa
945 4069 982 4114 se
997 4036 1078 4113 stan
1092 4050 1202 4132 hrycg

151 4161 228 4237 scyt
249 4145 288 4221 td
308 4143 380 4221 ’dan
405 4143 575 4220 balianus
600 4153 785 4240 byrgelse3
810 4158 925 4219 ’donne
942 4156 1028 4215 west
1052 4148 1203 4231 andlang

1022 4273 1038 4308 o
1050 4264 1065 4308 2
