2888 4890
410 355 583 404 cnnnrnrr
616 357 960 406 Anonosnxorucnn.
1149 341 1216 405 209

159 512 356 597 subscripsi.
413 515 453 597 »14
483 514 561 597 Ego
589 515 768 599 Kynefer’s
791 516 972 599 episcopus
999 516 1155 580 consensi
1178 526 1214 583 ct

158 612 358 696 subscripsi.
456 615 496 697 »14
527 615 603 696 Ego
625 616 758 680 Tidelm
785 617 966 699 episcopus
992 618 1149 680 consensi
1177 630 1213 683 ot

158 712 357 797 subscripsi.
399 715 438 795 »14
456 713 532 796 Ego
550 713 673 780 Cunan
696 716 877 798 episcopus
903 717 1062 780 consensi
1079 723 1113 780 et
1130 717 1212 780 sub·

158 812 291 895 scripsi.
341 815 380 895 »14
400 812 477 895 Ego
500 815 668 880 Maneant
689 817 871 898 episcopus
893 818 1051 881 consensi
1074 824 1109 880 et
1129 818 1210 881 sub-

102 903 291 999 (tucripsi.
373 915 412 994 »14
441 915 518 996 Ego
536 913 687 997 Cynsige
704 915 886 998 episcopus
907 917 1064 981 consensi
1082 924 1116 980 et
1133 919 1211 980 sub

158 1012 290 1094 scripsi.
346 1016 385 1095 »14
418 1013 494 1094 Ego
512 1015 696 1078 AEscberbt
709 1015 890 1098 episcopus
905 1018 1061 1081 consensi
1076 1025 1111 1080 et
1127 1018 1212 1081 sub·

159 1113 294 1194 scripsi.
373 1114 412 1194 »14
437 1113 513 1195 Ego
534 1114 656 1178 Wireb
682 1115 864 1197 episcopus
890 1117 1046 1180 consensi
1067 1128 1102 1180 et
1126 1117 1209 1180 sub-

159 1211 290 1295 scripsi.
396 1215 435 1294 »14
479 1213 556 1295 Ego
594 1214 717 1277 AElfric
751 1217 932 1297 episcopus
971 1216 1128 1280 consensi
1174 1225 1209 1281 et

158 1312 357 1394 subscripsi.
414 1315 453 1394 »14
476 1315 552 1394 Ego
577 1314 741 1395 Eadwine
762 1316 869 1379 abbas
890 1317 1047 1380 consensi
1070 1324 1104 1380 et
1126 1317 1208 1380 sub·

158 1413 292 1494 scripsi.
364 1415 403 1494 »14
436 1413 511 1495 Ego
543 1412 708 1478 AEbelnob
742 1415 850 1479 abbas
875 1417 1034 1479 consensi
1063 1424 1098 1480 et
1128 1418 1210 1480 sub··

158 1506 291 1595 scripsi.
343 1516 382 1596 »14
413 1512 490 1594 Ego
519 1514 708 1595 Beorbsige
739 1516 846 1578 abbas
876 1516 1032 1579 consensi
1064 1523 1098 1579 et
1126 1517 1208 1578 sub·

158 1612 291 1693 scripsi.
372 1617 411 1697 »14
434 1613 511 1696 Ego
538 1613 724 1678 Seaxhelm
746 1615 853 1678 abbas
883 1616 1040 1678 consensi
1068 1622 1103 1678 et
1128 1617 1208 1678 sub-

157 1713 292 1794 scripsi.
348 1716 387 1796 »14
410 1713 487 1796 Ego
502 1714 665 1779 AElfwald
680 1714 750 1778 dux
774 1716 930 1779 ‘consensi
952 1723 986 1779 et
1008 1714 1206 1796 subscripsi.

164 1815 203 1896 »14
219 1811 297 1895 Ego
326 1812 445 1878 Osserb
475 1815 548 1877 dux
574 1815 731 1878 consensi
754 1822 789 1878 et
814 1815 1011 1897 subscripsi.
1069 1817 1108 1897 »14
1132 1814 1208 1896 Ego

159 1913 338 1979 AEbelstan
358 1914 431 1978 dux
453 1916 611 1980 consensi
628 1921 663 1978 et
680 1915 878 1996 subscripsi.
932 1918 971 1997 »14
996 1915 1071 1996 Ego
1088 1916 1208 1979 AEbel·

158 2015 218 2079 red
240 2014 312 2077 dux
335 2014 494 2079 consensi
515 2023 549 2078 et
566 2015 764 2096 subscripsi.
822 2017 861 2097 »14
885 2014 960 2096 Ego
986 2014 1117 2078 Ubtred
1136 2015 1208 2078 dux

159 2114 315 2179 consensi
337 2121 373 2178 et
397 2115 596 2196 subscripsi.
674 2115 713 2195 »14
732 2115 808 2195 Ego
824 2114 1000 2178 Thesberd
1029 2114 1101 2177 dux
1126 2134 1208 2179 con-

159 2215 251 2279 sensi
268 2222 303 2278 et
318 2215 515 2297 subscripsi.
574 2218 613 2297 »14
635 2214 711 2296 Ego
735 2214 888 2278 AElfstan
910 2214 982 2276 dux
1003 2215 1158 2278 consensi
1173 2225 1209 2279 et

159 2313 359 2398 subscripsi.
404 2318 443 2397 »14
456 2315 531 2397 Ego
548 2315 680 2379 Ubtred
697 2316 769 2378 dux
786 2314 942 2378 consensi
958 2321 993 2377 et
1009 2315 1207 2397 subscripsi.

163 2416 203 2498 »14
233 2414 309 2497 Ego
327 2414 486 2480 Gubrum
501 2416 573 2478 dux
591 2415 750 2479 consensi
767 2422 801 2478 et
819 2413 1015 2496 subscripsi.
1071 2416 1110 2496 »14
1132 2415 1209 2496 Eg'o

161 2516 244 2581 Urm
267 2518 338 2581 dux
356 2516 513 2580 consensi
536 2522 571 2579 et
596 2516 795 2597 subscripsi.
852 2517 891 2596 »14
921 2514 996 2595 Ego
1014 2513 1206 2595 Regnwald

123 2619 126 2626 '
158 2617 231 2682 dux
248 2616 405 2681 consensi
427 2622 462 2679 et
484 2616 683 2698 subscripsi.
739 2617 778 2696 »14
802 2615 878 2696 Ego
902 2613 1011 2677 Hatel
1031 2614 1103 2676 dux
1126 2634 1207 2679 con-

157 2716 250 2783 sensi
273 2723 309 2780 et
334 2715 534 2797 subscripsi.
591 2717 630 2797 »14
659 2716 735 2798 Ego
762 2715 864 2779 Scule
891 2715 962 2778 dux
989 2716 1146 2778 consensi
1173 2725 1207 2779 et

157 2817 356 2900 subscripsi.
424 2819 463 2899 »14
485 2816 562 2898 Ego
588 2815 763 2881 Durhfers
789 2816 860 2879 dux
885 2816 1042 2879 consensi
1068 2822 1103 2878 et
1127 2816 1207 2879 snb·

157 2919 291 3001 scripsi.
358 2917 398 2999 »14
419 2916 496 2999 Ego
523 2916 641 2998 Imper
663 2917 735 2980 dux
762 2916 919 2980 consensi
947 2923 982 2979 et
1009 2915 1206 2998 subscripsi.

163 3021 202 3102 »14
230 3018 307 3101 Ego
330 3015 431 3081 Odda
457 3016 612 3080 minister
642 3016 797 3082 consensi
829 3023 863 3079 et
893 3015 1092 3097 subscripsi.
1163 3018 1202 3097 »14
1302 3003 1304 3007 ’

158 3120 234 3201 Ego
243 3117 407 3199 Wulfgar
421 3117 575 3180 minister
591 3116 748 3181 consensi
766 3122 800 3179 et
817 3115 1015 3197 subscripsi.
1073 3117 1112 3195 »14
1131 3114 1208 3196 Ego

158 3218 339 3283 AEbelstan
355 3217 511 3281 minister
525 3218 683 3280 consensi
696 3223 731 3280 et
744 3215 941 3297 subscripsi.
987 3219 1026 3297 »14
1039 3215 1114 3296 Ego
1122 3215 1207 3279 AElf-

157 3318 245 3383 bech
268 3319 421 3382 minister
436 3317 646 3382 consensi'et
663 3315 860 3397 subscripsi.
931 3317 970 3396 »14
993 3315 1069 3394 Ego
1086 3315 1207 3379 AEbel·

157 3419 246 3484 wald
275 3418 431 3482 minister
462 3417 617 3481 consensi
648 3423 683 3479 et
712 3415 909 3499 subscripsi.
959 3417 998 3496 »14
1021 3416 1096 3496 Ego
1116 3415 1206 3478 E'ad-

156 3520 207 3583 ric
237 3517 393 3582 minister
419 3517 577 3581 consensi
604 3523 639 3579 et
667 3517 863 3598 subscripsi.
929 3518 968 3597 »14
1009 3515 1085 3595 Ego
1117 3514 1209 3578 AEls-

157 3619 237 3684 bere
262 3618 417 3683 minister
443 3616 602 3681 consensi
624 3623 659 3679 et
685 3617 882 3698 subscripsi.
946 3615 1074 3696 »14Εςο
1092 3613 1206 3677 Wulf·

157 3720 232 3801 sige
257 3719 412 3783 minister
432 3717 590 3781 consensi
613 3723 647 3779 et
665 3717 863 3798 subscripsi.
921 3717 960 3796 »14
972 3713 1054 3794 Ego
1068 3712 1208 3793 Witgar

158 3819 314 3883 minister
344 3818 501 3882 consensi
533 3817 583 3880 et'
606 3816 804 3899 subscripsi.
878 3817 917 3896 »14
945 3814 1021 3894 Ego
1061 3813 1211 3877 Swibuls

159 3919 316 3983 minister
345 3919 504 3983 consensi
538 3924 573 3980 et
603 3917 802 3998 subscripsi.
866 3916 905 3996 »14
929 3915 1004 3995 Ego
1023 3904 1206 3994 ¹Wynsige

158 4019 315 4083 minister
355 4018 512 4083 consensi
550 4023 585 4080 et
622 4016 818 4098 subscripsi.
884 4016 923 4095 »14
945 4014 1020 4094 Ego
1059 4011 1218 4075 Wulfric,

158 4118 315 4183 minister
339 4117 497 4183 consensi
519 4124 553 4180 et
574 4117 773 4198 subscripsi.
829 4117 868 4197 »14
888 4113 964 4194 Ego
989 4112 1207 4176 AEbelweard

209 4235 296 4283 ron.
315 4235 349 4282 ν.
1037 4228 1056 4274 P
