2888 4890
189 371 256 436 214
448 386 620 441 cennens
644 385 990 437 nnenosrxonrcnn.

646 543 793 708 uorax}

525 715 814 794 AEennsruu,
836 715 913 781 aaa.

248 845 287 924 ›1‹
312 842 357 905 In
381 841 519 906 nomine
537 842 592 904 dei
614 841 755 918 excelsi,
775 839 835 921 qui
854 847 1018 904 cunctum
1035 856 1100 902 suo
1122 845 1246 903 sancto

194 942 424 1006 moderamine
454 942 519 1004 sub
552 959 619 1004 axe
650 948 685 1004 et
719 958 827 1022 supra
856 939 1021 1002 mundum
1053 940 1243 1020 gubernat!

194 1041 259 1105 Est
276 1043 366 1105 enim
381 1040 528 1122 singulis
543 1041 737 1122 quibusque
754 1040 911 1104 sollerter
925 1039 1146 1116 studendum,
1163 1038 1246 1102 dum

192 1141 327 1205 indulta
341 1149 535 1224 temporum
550 1140 666 1222 spatia
688 1140 742 1203 dci
762 1146 850 1203 nutu
865 1148 1029 1204 concessa
1052 1138 1245 1221 possident,

193 1248 289 1305 ntea
306 1243 445 1325 quaein
462 1241 582 1304 diebus
602 1240 741 1303 illorum
757 1246 907 1321 aguntur
924 1238 1116 1302 litterarum
1138 1238 1242 1322 apici-

194 1342 259 1405 bus
281 1342 517 1406 commendare
536 1339 745 1417 curanerint,
760 1360 803 1403 ne
823 1340 859 1403 in
880 1339 1086 1403 obliuionem
1107 1357 1246 1403 sncces-

193 1460 311 1505 sorum
327 1441 532 1525 perueniant
551 1459 642 1524 quae
661 1441 802 1505 inantea
817 1439 1001 1503 salubriter
1011 1439 1152 1503 fuerunt
1164 1458 1248 1503 con-

193 1542 327 1606 stituta.
389 1540 621 1620 Quamobrem
648 1560 714 1622 ego
739 1540 977 1615 AEbelstanns,
1004 1539 1246 1604 omnicreantis

194 1640 397 1723 disponente
415 1640 610 1719 clementia,
633 1639 908 1722 Angligenarum
926 1641 1146 1725 omniumque
1163 1659 1247 1720 gen-

192 1743 281 1804 tium
305 1742 457 1824 undique
474 1761 572 1806 secus
596 1741 825 1805 habitantium
847 1759 921 1815 rex,
936 1739 1068 1803 donans
1091 1740 1247 1803 concessi

195 1841 238 1904 ad
271 1843 516 1905 monasterium
543 1849 684 1905 sanctae
710 1840 766 1904 dei
789 1840 964 1922 genitricis
990 1840 1126 1904 Mariae
1151 1840 1246 1921 quod

195 1941 321 2004 dicitnr
344 1941 512 2027 Wiltune,
533 1941 706 2024 quandam
729 1939 862 2005 telluris
884 1940 1102 2022 particulam,
1125 1939 1245 2005 decern

195 2040 355 2105 uidelicet
376 2041 599 2118 manentium,
620 2041 679 2104 ubi
703 2040 748 2104 ab
766 2039 887 2103 incolis
904 2039 939 2102 N
942 2048 1118 2122 ywantun,
1135 2041 1246 2104 nomi·

194 2148 309 2218 natur,
339 2142 381 2204 be
398 2139 519 2205 Anene
549 2148 686 2216 streme,
715 2147 750 2204 et
778 2140 928 2222 quinque
958 2145 1114 2203 cassatos
1143 2159 1245 2205 secus

194 2241 319 2303 siluam
353 2261 442 2324 quac
481 2241 676 2323 appellatur
704 2239 879 2315 Sasernoc,
910 2239 971 2303 illo
1004 2240 1041 2303 in
1076 2239 1155 2304 loco
1185 2242 1245 2305 ubi

195 2340 313 2422 plebili
352 2342 548 2405 narratione
587 2340 713 2403 dicitnr
748 2345 797 2403 aet
831 2339 993 2402 Motenes
1030 2358 1127 2416 oran,
1166 2360 1245 2405 curn

195 2441 338 2522 campis,
354 2448 390 2504 et
410 2442 532 2522 pratis,
555 2448 590 2504 et
613 2440 763 2522 pascuis,
783 2445 819 2502 et
839 2438 951 2515 siluis,
971 2444 1007 2502 et
1027 2440 1143 2503 omnia
1159 2441 1244 2506 illuc

193 2541 412 2621 pertinentia,
425 2540 560 2622 magnis
575 2539 798 2622 modicisque,
808 2539 900 2602 notis
914 2539 1123 2622 ignotisque,
1134 2547 1246 2606 aeter·

193 2640 318 2703 naliter
334 2641 587 2722 possidendam.
639 2639 692 2702 Sit
706 2648 822 2703 autem
839 2638 1017 2722 praedicta
1030 2645 1123 2703 terra
1136 2639 1248 2707 libera

194 2740 239 2803 ab
252 2741 410 2804 omnibus
425 2739 660 2804 saecularibus
675 2740 841 2821 negociis
858 2744 994 2820 practer
1010 2739 1244 2821 expeditione,

195 2846 229 2903 ct
252 2841 367 2922 pontis
389 2839 523 2904 arcisue
546 2840 811 2904 constructione.
864 2837 1101 2920 Praecipimns
1126 2841 1244 2919 etiam,

193 2939 230 3001 in
247 2941 382 3003 nominc
404 2947 545 3003 sanctae
568 2939 745 3010 trinitatis,
762 2946 803 3003 ut
819 2938 934 3001 nuilus
957 2946 1152 3003 nostrorum
1168 2961 1245 3006 suc·

195 3058 368 3104 cessurum
394 3038 474 3103 hnic
500 3037 762 3116 kartulae,-nec
788 3057 865 3102 cum
889 3039 1033 3121 antiqua
1057 3047 1156 3104 carta
1181 3060 1245 3106 nec

194 3158 271 3202 cum
288 3140 433 3204 alicuius
450 3140 579 3220 ingenii
595 3140 788 3220 sagacitate
805 3138 940 3202 laedere
953 3138 1081 3216 ualeat,
1089 3140 1151 3203 sed
1165 3140 1245 3224 ipsa

91 3250 96 3265 ’
194 3258 328 3322 semper
343 3241 378 3303 in
396 3250 459 3304 suo
482 3247 579 3321 statu
595 3239 669 3302 fixa
690 3247 726 3301 et
747 3238 878 3302 inlaesa
904 3247 1116 3320 permaneat.
1150 3240 1243 3306 Gon·

194 3340 420 3405 sentientibus
461 3347 496 3403 ct
536 3339 820 3404 consecrantibus
852 3338 941 3402 hanc
970 3347 1125 3404 nostram
1152 3340 1242 3406 diffi-

193 3440 355 3503 nitionem
399 3447 566 3521 perpetua
611 3445 751 3503 maneat
789 3457 881 3520 pax:
926 3440 1242 3507 contradicentibus

193 3535 289 3616 uero,
319 3538 375 3602 uel
403 3538 563 3621 frangere
593 3539 794 3615 nitentibus,
819 3539 974 3621 poenalis
1006 3539 1052 3603 sit
1077 3541 1242 3622 uindicta,

193 3638 259 3701 nisi
276 3639 311 3701 in
328 3640 501 3720 praesenti
516 3631 696 3703 emendent
718 3639 866 3703 saeculo.
918 3638 1109 3705 Territoria
1124 3649 1243 3708 autem

192 3738 294 3802 huius
316 3739 421 3820 agelli
444 3739 527 3804 haec
550 3747 641 3803 sunt.
696 3739 814 3802 AErest
837 3757 882 3802 on
903 3736 1026 3802 Anene
1043 3747 1091 3804 aet
1110 3739 1244 3807 Stintes

193 3837 308 3917 forde;
330 3844 403 3904 ’dact
421 3839 575 3921 andlang
594 3858 706 3920 weges
728 3858 773 3903 on
799 3838 932 3903 tcoitan
949 3838 1047 3916 sord3
1073 3840 1140 3904 and
1164 3832 1243 3908 sui

193 3957 326 4019 ongean
354 3926 483 4002 stream
509 3959 554 4002 on
570 3938 714 4003 Wifeles
737 3938 834 4017 ford3
857 3938 969 4003 bonne
994 3939 1147 4022 andlang
1170 3941 1242 4007 baes

192 4037 429 4119 fritherpattes
452 4058 497 4102 on
522 4039 734 4111 sandbeorh3
763 4039 803 4103 of
818 4028 901 4103 itam
921 4040 1048 4121 beorgc
1069 4030 1107 4104 to
1124 4042 1242 4108 Botun

190 4138 312 4218 wylle3
342 4143 456 4202 bonne
480 4139 556 4204 forn
579 4141 621 4203 be
645 4128 794 4203 streame
821 4158 866 4203 on
890 4128 1015 4204 blacan
1041 4139 1135 4222 lacc3
1168 4146 1243 4210 beet
