2888 4890
467 408 638 458 cannula
660 405 1005 455 nunnosnxoulcnn.
1214 393 1258 456 99

200 564 275 628 ferd
304 567 422 631 abbas.
497 569 536 649 ›1‹
569 564 729 630 AEdelred
761 564 852 628 filius
884 565 988 646 regis.
1056 568 1095 648 ›1‹
1125 565 1256 630 AElsred

199 664 293 728 filius
308 667 411 748 regis.
469 669 509 749 ›1‹
529 667 622 730 Erue
635 667 794 730 minister
807 665 910 747 regis,
926 673 961 730 et
979 664 1079 729 multi
1094 666 1164 732 alii.

678 962 782 1028 MLI.

351 1114 373 1156 *
387 1113 674 1179 AEDELUULF
697 1113 761 1178 OF
785 1115 1002 1195 WESSEX,
1025 1117 1101 1182 854.

255 1264 295 1344 '1⁴
317 1260 522 1327 Iucmnuuu
541 1261 681 1326 diuinae
697 1264 915 1329 auctoritatis
934 1265 1147 1349 agiographa
1162 1268 1250 1331 mul·

198 1362 347 1445 tipharie
377 1382 642 1438 commonemur,
674 1370 714 1427 ut
742 1369 879 1429 terrena
901 1366 1089 1446 praesentis
1122 1367 1251 1431 saeculi

196 1461 297 1527 lucra
317 1461 476 1544 largiflue
504 1463 626 1526 dantes
653 1463 817 1528 coelestia
842 1471 1003 1529 aeternae
1028 1465 1251 1532 beatitudinis

196 1562 430 1626 emolumenta
461 1563 534 1644 iugi
569 1561 810 1646 indefessoque
851 1564 1072 1647 adquiramus
1103 1565 1249 1632 lucello!

197 1660 353 1745 Ideoque
382 1682 447 1744 ego
469 1661 639 1727 AEaelwlf
665 1662 937 1727 occidentalium
969 1663 1146 1729 Saxonum
1175 1687 1249 1746 rex,

195 1761 368 1826 incertum
401 1761 503 1826 huius
535 1762 754 1827 transitoriae
786 1763 880 1827 uitae
910 1771 1039 1828 statum
1074 1768 1249 1831 mutabili-

197 1867 376 1945 tatemque
400 1863 492 1926 ueris
518 1862 698 1927 dinoscens
720 1862 867 1940 indiciis,
889 1863 964 1927 uita
993 1865 1118 1929 comite
1146 1877 1249 1948 prout
1348 1898 1352 1906 ·

195 1980 300 2043 posse
322 1961 453 2026 dederit
474 1963 534 2045 qui
555 1969 681 2027 cuncta
699 1962 842 2039 creauit,
863 1965 1009 2027 subnixe
1036 1964 1187 2029 delibero
1210 1975 1248 2032 ut

194 2060 422 2144 redemptoris
436 2063 546 2126 nostri
558 2061 809 2146 possessionem
826 2063 1002 2127 aecclesiis
1018 2065 1092 2128 iure
1109 2065 1247 2147 delega-

194 2168 268 2226 tam
283 2158 535 2244 augmentando
551 2163 777 2244 magnificem.
830 2161 1052 2246 Quapropter
1066 2184 1151 2228 usus
1168 2186 1248 2230 con-

194 2262 275 2327 silio
306 2256 504 2327 Ealhstani¹
530 2263 682 2345 episcopi
713 2271 818 2346 atque
850 2262 969 2327 altoris
1001 2263 1069 2328 mei
1097 2264 1247 2330 Swidnni

194 2361 391 2429 Wentanae
414 2362 602 2427 aecclesiae
633 2361 802 2445 praesulis
830 2363 942 2427 tocius
973 2365 1071 2445 regni
1101 2365 1204 2429 michi
1226 2386 1248 2430 a

194 2461 262 2527 deo
278 2461 397 2527 collati
410 2462 585 2527 decimans
601 2461 709 2539 rura,2
721 2463 931 2545 amplificaui
946 2464 1102 2546 spacium
1116 2465 1247 2530 telluris

193 2562 231 2625 in
261 2561 404 2627 Tantun
429 2563 522 2645 qnod
553 2560 726 2648 Fridegy'd
754 2561 873 2644 regina
894 2564 1091 2629 Wentanae
1116 2566 1245 2629 aeccle-

194 2661 281 2740 siae,
310 2662 371 2726 ubi
400 2662 551 2726 nutritus
580 2663 775 2746 apueritia
803 2663 945 2740 fueram,
978 2662 1085 2728 Petro
1116 2663 1245 2729 Paulo·

194 2781 264 2844 que
288 2761 437 2838 dicatae,
454 2762 575 2845 priscis
599 2758 742 2826 dederat
767 2763 998 2845 temporibus3
1023 2771 1244 2846 augmentum

193 2861 329 2926 telluris
346 2863 438 2945 qnod
456 2862 571 2926 addidi
591 2879 679 2926 .v111.
700 2870 879 2927 manentes
896 2870 943 2927 aet
969 2864 1138 2929 Risotune
1163 2883 1244 2929 con-

193 2968 265 3026 stat
279 2962 474 3045 quantitate
484 2963 695 3026 manentium
708 2983 716 3041 ;
734 2962 843 3027 adieci
855 2983 992 3046 quoque
1007 2971 1043 3028 et
1055 2964 1142 3028 alios
1156 2982 1244 3029 ,vnn

193 3070 374 3127 manentes
388 3062 424 3126 in
440 3062 542 3126 Stoce
558 3068 604 3126 aet
619 3061 791 3141 Orceard3
817 3063 852 3125 in
870 3064 1006 3127 nomine
1021 3064 1131 3127 almae
1148 3065 1244 3128 trini-

192 3161 278 3227 tatis
299 3169 336 3226 et
351 3161 548 3226 indiuiduae
569 3162 714 3226 unitatis
737 3162 910 3245 praecipio
924 3169 964 3226 ut
981 3182 1079 3228 nemo
1090 3183 1244 3228 success·

192 3278 291 3327 orum
313 3279 466 3326 meorum
492 3262 646 3326 minuere
668 3270 868 3344 praesumat
893 3263 984 3345 quod
1007 3283 1072 3346 ego
1097 3264 1243 3329 deuotus

192 3362 428 3444 augmentaui,
444 3380 555 3444 neque
572 3361 771 3445 pontificum
791 3361 916 3444 aliquis
938 3364 1135 3429 succedenti
1158 3373 1243 3431 tenr-

190 3480 276 3546 pore
291 3460 382 3526 hanc
395 3468 549 3526 nostram
566 3461 761 3544 largifluam
776 3462 994 3526 donationem
1019 3465 1171 3529 minuere
1188 3466 1243 3529 uel

191 3561 396 3645 propinquis
422 3561 725 3644 saecularibusque
752 3582 815 3644 pro
848 3561 966 3645 aliquo
999 3565 1243 3646 cuiuscumque

192 3661 296 3744 pretii
321 3679 463 3725 munere
485 3661 542 3724 uel
561 3661 719 3744 qualibet
732 3662 913 3726 occasione
935 3665 1138 3727 temerarius
1161 3663 1244 3727 dare

191 3761 249 3827 uel
266 3761 526 3826 accommodare
547 3769 755 3843 praesumat.
805 3759 899 3826 Acta
923 3770 978 3826 est
1004 3761 1106 3825 huius
1131 3769 1244 3826 terrae

190 3862 333 3927 libertas
357 3879 449 3925 anno
469 3861 660 3927 dominicae
682 3862 927 3926 incarnationis
945 3879 1057 3926 ,unca
1082 3868 1118 3925 et
1141 3879 1242 3927 ,mun

190 3961 377 4027 indictione
400 3978 437 4026 .1.
460 3962 592 4044 pascali
619 3961 884 4044 sollempnitate,
917 3960 1023 4025 nobili
1048 3961 1179 4043 palatio
1208 3964 1243 4027 in

191 4061 358 4126 Wiltnne.
412 4060 483 4140 Qui
499 4068 616 4126 autem
631 4060 695 4125 hoc
709 4067 865 4126 nostrum
882 4062 1007 4124 donum
1026 4080 1153 4143 augere
1168 4062 1242 4126 uol-

296 4192 305 4224 ¹
322 4194 379 4246 MS.
396 4192 538 4248 AEiielstan.
617 4206 620 4211 '
809 4192 819 4222 ²
835 4197 893 4246 MS.
909 4194 1009 4245 decima
1019 4211 1145 4246 mansura.

1060 4296 1076 4329 u
1090 4287 1105 4330 2
