2888 4890
446 381 618 428 enarras
640 379 981 427 auonosaxourcan.
1180 365 1247 428 329

190 539 262 602 dux
292 539 451 602 consensi
482 546 518 602 et
543 537 741 618 subscripsi.
809 539 848 618 ᾧ
875 536 950 616 Ego
966 535 1145 616 AE’Selsige
1171 536 1242 599 dux

185 638 348 702 'consensi
370 646 406 702 et
429 638 629 718 subscripsi.
702 638 741 717 ›1‹
761 634 837 715 Ego
856 634 1044 718 Byrhtfer’o
1067 634 1138 697 dux
1162 655 1244 698 con·

190 738 283 799 sensi
307 744 342 800 et
357 736 556 818 subscripsi.
607 738 646 817 ᾧ
662 734 739 816 Ego
759 733 968 815 AEbclgeard
983 733 1138 797 minister
1153 734 1245 814 regis

190 837 346 899 consensi
365 843 400 899 et
417 834 616 916 subscripsi.

241 933 309 996 Sed
336 941 371 997 et
395 933 546 997 familiae
577 933 688 995 tocius
713 933 751 995 in
776 932 983 995 monasterio
1008 931 1120 994 sancti
1147 930 1244 994 Petri

191 1033 362 1095 unanimis
378 1052 456 1096 cum
475 1031 610 1095 concini
626 1032 792 1095 societate
807 1050 993 1094 consensus
1011 1029 1165 1094 adherat.

241 1129 371 1194 Rubrio.
429 1131 495 1196 Dis
524 1130 554 1192 is
579 1119 668 1194 ’dara
694 1151 740 1194 .x.
766 1121 850 1192 hida
875 1121 941 1193 boc
971 1136 1017 1192 aet
1046 1127 1170 1191 Cieran
1198 1132 1243 1191 ite

192 1216 328 1292 Eadred
345 1231 424 1310 cing
439 1219 639 1311 gaebbcodae
655 1229 815 1309 AElfsigae
836 1229 984 1310 biscopae
1007 1216 1134 1291 feower
1149 1246 1243 1289 man-

192 1347 238 1390 na
253 1327 351 1410 daeg3
375 1328 444 1391 and
459 1328 557 1392 aefter
572 1317 680 1391 heora
695 1327 787 1408 daga
803 1317 879 1390 ints)
895 1327 1030 1391 Ealdan
1045 1333 1220 1408 mynstrae.

614 1620 838 1686 Mcuxxr.

559 1743 777 1845 rinnau,
802 1769 879 1831 955.

249 1921 288 2000 ᾧ
313 1918 422 1982 Auno
449 1917 638 1980 dominicae
665 1914 912 1978 incarnationis
931 1932 1123 1980 mccccmv.
1169 1919 1245 2000 Ego

197 2017 332 2081 Eadred
360 2018 467 2082 totius
486 2014 646 2079 Albionis
675 2015 886 2096 gubernator
900 2020 935 2076 et
950 2021 1074 2090 rector,
1092 2017 1244 2081 animad-

196 2124 346 2192 uerten5‚
368 2115 518 2197 quodam
546 2115 669 2177 abbate
698 2113 780 2176 mihi
806 2119 944 2175 uetusta
968 2113 1150 2195 priuilegia
1167 2136 1245 2179 nar-

197 2222 305 2292 rante,
331 2215 467 2277 nomine
491 2213 624 2277 scilicet
642 2211 847 2286 AEttelwold,
866 2212 984 2275 uillam
1001 2232 1090 2294 quae
1107 2214 1246 2295 uulgari

197 2320 357 2377 onomate
371 2312 566 2377 Abbendun
589 2311 714 2374 dicitur
739 2330 817 2373 cum
843 2309 915 2373 suis
937 2310 1148 2392 appendiciis
1171 2333 1246 2376 rus-

197 2413 283 2476 culis
299 2412 421 2494 priscis
437 2411 647 2493 temporibus
664 2409 830 2473 coenobio
846 2410 937 2490 quod
955 2411 1059 2473 situm
1074 2411 1111 2472 in
1126 2411 1245 2474 eadem

198 2511 319 2574 uillula
346 2517 483 2574 constat
500 2510 573 2573 fore
596 2509 828 2590 subiugatum,
844 2527 965 2570 uerum
993 2515 1146 2590 tempore
1176 2530 1245 2591 quo

199 2610 429 2691 archipiratae
445 2615 555 2673 totam
566 2609 656 2671 hanc
671 2608 819 2670 insulam
830 2607 1052 2670 deuastantes
1063 2611 1245 2689 peruagati

200 2716 293 2784 sunt,
312 2709 439 2772 abano
461 2727 549 2785 meo,
573 2728 655 2789 rege
672 2706 830 2769 uidelicet
846 2705 1014 2781 AElfredo,
1037 2707 1148 2788 ipsam
1168 2727 1246 2769 cum

200 2809 358 2871 omnibus
385 2808 456 2870 suis
484 2806 663 2870 adiectiuis
689 2825 709 2868 a
740 2805 918 2887 praedicto
947 2805 1109 2868 coenobio
1141 2805 1248 2870 fuisse

201 2907 423 2982 abstractam,
440 2906 564 2968 uictori
590 2905 727 2968 domino
751 2905 900 2986 impares
925 2923 988 2984 pro
1010 2903 1155 2967 uictoria
1177 2925 1248 2986 qua

201 3004 340 3068 functus
369 3012 422 3068 est
446 3002 590 3066 reddens
615 3004 773 3066 taliones.
822 3003 926 3065 Nunc
950 3003 1057 3081 igitur
1077 3003 1121 3065 ob
1143 3023 1247 3084 quam

200 3124 286 3181 rem,
304 3123 381 3166 cum
400 3102 544 3167 consilio
562 3109 666 3183 atque
690 3120 860 3165 consensu
878 3120 1029 3164 meorum
1051 3102 1248 3182 praesulum

202 3203 487 3284 optimatumque,
516 3221 660 3282 quorum
692 3200 831 3264 nomina
856 3206 1067 3263 caraxantur
1096 3200 1250 3278 inferiuS,

202 3322 265 3383 pro
291 3300 525 3382 redemptione
547 3300 682 3363 animae
704 3318 801 3362 meae
824 3306 859 3362 et
874 3319 937 3381 pro
954 3299 1152 3381 expiatione
1177 3320 1250 3364 sce-

202 3401 310 3464 lerum
334 3419 486 3463 meorum
512 3399 825 3480 praedecessorum,
844 3398 985 3462 eandem
1010 3397 1128 3461 uillam
1152 3419 1251 3481 prac-

203 3499 276 3563 fato
302 3499 478 3562 arcisterio
506 3498 550 3562 ad
579 3518 662 3560 usus
686 3497 852 3580 praedicti
878 3497 1014 3560 abbatis
1037 3495 1251 3578 fratrumque

204 3598 287 3663 inibi
302 3597 366 3660 deo
382 3597 604 3660 seruientium
622 3597 695 3660 uoti
718 3615 858 3677 compos
884 3595 1130 3677 perpetualiter
1152 3598 1251 3659 resti·

205 3704 276 3763 tuo.
322 3696 448 3759 Terras
473 3715 554 3758 uero
577 3695 798 3776 appendicias
824 3712 913 3775 quae
939 3713 1000 3774 per
1018 3693 1095 3755 loca
1116 3692 1254 3757 diuersa

201 3797 249 3859 ad
288 3794 431 3858 eandem
464 3795 582 3857 uillam
618 3794 804 3875 pertinent,
839 3792 952 3855 idest
978 3811 1023 3853 .x.
1043 3789 1181 3871 Gaincg
1206 3814 1253 3857 .x.

207 3894 339 3976 Gosige
364 3914 462 3957 .xxx.
479 3891 625 3957 Weor'de
646 3912 745 3957 .xxx.
763 3891 992 3966 Cumenoran,
1015 3909 1093 3951 cum
1117 3889 1256 3955 licentia

207 3994 457 4076 praenominati
479 3993 615 4056 abbatis
630 3992 929 4072 subiectorumque
946 3989 1011 4053 sibi
1025 3988 1169 4051 fratrum
1187 3989 1257 4054 die-

208 4095 272 4159 bus
289 4093 383 4158 uitae
397 4111 494 4156 meae
517 4091 561 4155 ad
583 4091 795 4155 necessarios
815 4089 971 4172 perfruar
985 4107 1087 4160 usus;
1112 4088 1256 4153 decurso
