2888 4890
191 369 257 433 276
450 380 621 430 cHARTAR
648 379 993 430 nnecosnxomonn.

194 542 284 606 helm
307 542 377 605 dux
409 541 607 622 subscripsi.
665 539 801 622 ›14Ego
828 534 1034 601 AEtelmund
1068 536 1140 599 dux
1170 534 1253 598 sub·

194 643 328 725 scripsi.
409 646 445 723 ›1‹
470 641 547 722 Ego
566 640 692 703 Eadric
725 638 795 701 dux
826 636 1026 718 subscripsi.
1106 637 1145 717 ›1‹
1174 635 1253 713 Ego

197 741 331 806 Uhtred
355 742 426 805 dux
449 740 647 822 subscripsi.
713 742 752 821 ›1‹
776 738 853 820 Ego
869 737 971 801 Odda
994 734 1148 799 minister
1171 735 1254 797 sub·

196 842 328 924 scripsi.
399 843 438 923 ›1‹
461 841 538 922 Ego
554 838 718 920 Wulfgar
744 837 900 900 minister
928 836 1127 918 subscripsi.
1207 834 1248 914 ›1‹

197 941 274 1023 Ego
299 940 479 1004 Eadmund
506 938 663 1002 minister
686 937 883 1019 subscripsi.
941 937 980 1018 ›1‹
1008 935 1086 1017 Ego
1105 932 1260 999 Wulflaf

197 1041 352 1105 minister
380 1039 579 1122 subscripsi.
659 1041 698 1121 ›1‹
729 1038 805 1119 Ego
831 1035 955 1100 AElfric
984 1035 1141 1099 minister
1172 1034 1255 1097 sub-

197 1139 331 1222 scripsi.
410 1143 449 1222 »Β
483 1140 559 1221 Ego
589 1137 742 1202 AElfstan
773 1136 928 1200 minister
961 1135 1159 1217 subscripsi.
1208 1135 1249 1216 ›1‹

198 1240 275 1322 Ego
304 1239 472 1305 AElfheah
514 1238 672 1303 minister
708 1237 907 1319 subscripsi.
981 1237 1020 1318 ³1⁴
1054 1234 1131 1316 Ego
1163 1233 1253 1296 AElf·

197 1340 272 1422 sige
301 1340 455 1404 minister
481 1339 679 1421 subscripsi.
753 1339 792 1418 ›1‹
813 1336 890 1418 Ego
907 1335 1071 1400 AEttelred
1099 1334 1254 1397 minister

198 1439 395 1523 subscripsi.
490 1440 529 1519 ›1‹
564 1437 641 1519 Ego
672 1436 838 1520 Wihtgar
869 1436 1025 1500 minister
1054 1435 1254 1517 subscripsi.

203 1542 242 1622 ›1‹
266 1539 342 1620 Ego
357 1538 504 1603 Wulfric
521 1537 677 1602 minister
692 1537 889 1619 subscripsi.
948 1538 987 1617 ›1‹
1008 1534 1085 1617 Ego
1103 1533 1255 1615 AElfsige

197 1639 352 1702 minister
369 1637 566 1720 subscripsi.
1240 1644 1243 1649 '

666 1736 785 1748 0-

628 1837 829 1903 nexum.

543 1965 812 2065 sirmond,
834 1988 912 2053 942.

255 2139 294 2220 ›1‹
326 2135 533 2200 RncNANru
558 2136 820 2219 inperpetuum
846 2137 983 2202 domino
1009 2144 1128 2202 nostro
1147 2137 1252 2202 Ihesu

202 2237 360 2302 Christo!
414 2235 640 2299 Manifestum
669 2245 722 2300 est
754 2239 888 2301 cunctis
917 2238 1008 2321 quod
1034 2238 1149 2302 omnia
1180 2257 1256 2302 coe·

202 2338 301 2401 lestia
325 2346 361 2400 et
383 2337 561 2400 terrestria
584 2336 801 2418 prouidentia
826 2338 881 2402 dei
903 2339 1151 2420 gubernantur,
1165 2357 1255 2420 quae

203 2437 397 2502 sollicitudo
435 2435 590 2500 mortalis
627 2436 721 2500 uitae
762 2438 844 2503 totis
875 2439 1004 2502 nisibus
1031 2439 1067 2500 in
1095 2457 1254 2503 carorum

204 2538 460 2619 amicorumque
475 2537 657 2601 amissione
675 2540 898 2621 conqueritur
914 2559 955 2602 ac
971 2537 1127 2602 defletur.
1170 2538 1256 2602 Ideo

203 2639 306 2703 certis
335 2636 661 2719 adstipulationibus
685 2638 817 2702 mellita
851 2639 991 2703 oracula
1020 2638 1157 2702 diuinae
1185 2638 1255 2702 cla·

204 2738 365 2803 metionis
397 2756 460 2800 nos
491 2736 755 2824 frequentatiuis
786 2738 997 2803 orationibus
1027 2738 1188 2816 suadent,
1218 2747 1257 2802 ut

204 2858 283 2902 cum
308 2837 361 2901 his
378 2835 533 2920 fugitiuis
557 2843 603 2913 et,
626 2838 700 2901 sine
727 2837 843 2916 dubio,
860 2839 1258 2921 transitoriispossessi-

206 2938 354 3015 unculis‚
381 2937 509 3020 iugiter
528 2942 691 3000 mansura
714 2958 833 3020 regna,
859 2939 915 3003 dei
939 2939 1115 3020 suffragio,
1147 2939 1257 3022 adipi·

207 3038 336 3102 scenda
357 3043 448 3100 sunt.
502 3035 637 3101 Idcirco
655 3057 720 3118 ego
739 3038 962 3103 Eadmundus
985 3059 1046 3102 rex
1064 3036 1259 3120 Anglorum

206 3145 489 3220 caeterarumque
505 3138 660 3218 gentium
678 3137 714 3200 in
737 3139 881 3203 circuitu
904 3139 1170 3221 persistentium,
1189 3140 1260 3204 cui·

209 3238 289 3301 dam
318 3237 498 3318 religiosae
523 3236 690 3301 foeminae
724 3239 898 3303 uocitatae
922 3239 1058 3303 nomine
1084 3238 1262 3322 Saedrytie,

210 3338 379 3401 modicam
404 3337 552 3399 numinis
576 3338 644 3400 mei
666 3345 813 3420 partem,
828 3340 863 3402 id
878 3332 1104 3404 estundecim
1122 3359 1262 3404 mansas

203 3437 362 3519 agelluli,
376 3437 594 3501 aeternaliter
609 3438 777 3502 tradendo
793 3439 959 3516 concessi,
968 3459 1031 3523 pro
1042 3439 1261 3504 illiusamore

212 3537 273 3620 qui
295 3536 395 3612 dixit,
411 3542 421 3570 ‘
437 3534 528 3599 Date
552 3545 587 3600 et
601 3537 740 3601 dabitur
763 3539 886 3616 uobis,'
908 3540 967 3603 ubi
989 3541 1168 3606 turbarum
1191 3540 1262 3604 col‘·

213 3637 343 3702 latione
378 3634 578 3698 iamdudum
616 3657 740 3701 nornen
771 3638 905 3702 illatum
932 3639 998 3704 hoc
1012 3631 1015 3637 ’
1031 3638 1152 3704 adesse
1185 3660 1264 3722 pro

215 3738 325 3801 fertur
355 3743 401 3799 aet
416 3734 680 3800 Winecanfelda
714 3739 783 3801 and
820 3746 865 3802 aet
891 3739 1051 3816 Swinlea,
1074 3747 1114 3804 ut
1134 3747 1264 3805 terram

214 3837 281 3901 iam
308 3834 512 3918 praefatam,
539 3855 615 3903 meo
632 3837 764 3902 scilicet
789 3845 915 3904 ouante
938 3859 1115 3917 concessu,
1143 3841 1264 3904 trami-

215 3939 307 4000 tibus
339 3954 423 3999 suae
454 3935 629 4016 possideat
662 3937 776 4013 uitae;
814 3946 850 4003 et
886 3947 964 4023 post
993 3959 1030 4004 se
1060 3939 1264 4025 cuicumque

218 4036 365 4101 uoluerit
379 4034 515 4099 haeredi
538 4035 754 4120 derelinquat
768 4040 804 4103 in
823 4048 996 4105 aeternam
1018 4040 1266 4105 haereditatem

219 4135 340 4199 maiori
364 4134 532 4199 minoriue
557 4155 735 4218 personae.
780 4139 835 4205 Sit
849 4147 962 4205 antem
978 4141 1158 4224 praedicta
1175 4147 1269 4206 terra

218 4237 338 4311 libera,
364 4254 443 4299 cum
469 4237 627 4300 omnibus
658 4257 747 4319 quae
780 4240 846 4304 rite
876 4241 920 4304 ad
954 4242 1066 4324 ipsam
1095 4242 1268 4323 pertinere
