2888 4890
189 333 255 399 336
449 351 622 399 cunarnn
645 349 991 412 anonosnxonrons.

193 495 434 588 AElfgar,‘tres
450 524 591 569 mansas
615 503 757 586 agelluli
781 505 818 568 in
842 504 903 568 illo
926 505 1003 569 loco
1028 504 1088 567 uhi
1110 504 1246 568 iamdu-

194 605 274 668 dum
298 604 461 669 solicolae
483 604 577 668 illius
602 604 755 685 regionis
781 623 906 668 nomen
934 604 1173 685 imposuerunt
1200 609 1246 666 aet

194 704 412 781 Weonfelda,
425 710 596 786 quatenus
613 703 741 766 habeat
756 722 798 766 ac
813 703 1002 785 possideat,
1018 703 1093 766 uita
1107 702 1245 777 comite,

141 814 145 819 ’
194 802 259 866 hoc
290 809 344 866 est
372 802 535 886 quamdiu
563 801 681 865 uitalis
711 801 853 883 spiritus
878 803 915 864 in
943 801 1009 866 hac
1040 820 1247 865 aerumnosa

196 902 269 965 uita
296 901 419 983 fragile
441 920 566 983 corpus
594 901 738 980 aluerit;
762 908 946 983 postquam
970 921 1053 966 uero
1071 900 1246 983 separatio

197 1001 331 1064 animae
348 1021 369 1064 a
384 1020 527 1084 corpore
541 1001 657 1077 fuerit,
673 1000 766 1081 quod
784 1001 917 1066 cunctis
934 1001 1138 1065 mortalibus
1155 1019 1249 1063 com-

196 1119 298 1163 mune
330 1100 409 1164 inde
447 1099 735 1164 indeclinabiliter
771 1100 1006 1181 cognoscitur,
1043 1101 1247 1182 cuicumque

197 1198 346 1264 uoluerit
374 1200 514 1263 haeredi
546 1198 761 1280 derelinquat
788 1199 824 1261 in
850 1218 1032 1281 perennem
1053 1199 1247 1262 haeredita·

198 1304 279 1361 tem.
343 1299 397 1362 Sit
424 1306 539 1363 autem
567 1297 780 1380 praedictum
815 1318 874 1361 rus
901 1299 1046 1362 liberum
1081 1299 1125 1362 ab
1155 1298 1248 1362 omni

197 1397 363 1460 mundiali
380 1397 572 1473 obstaculo,
589 1416 667 1460 cum
685 1398 842 1460 omnibus
865 1397 909 1461 ad
931 1417 970 1461 se
991 1397 1057 1461 rite
1071 1396 1248 1479 pertinen·

195 1496 299 1573 tibus,
332 1497 474 1578 campis,
507 1496 658 1578 pascuis,
689 1497 812 1578 pratis,
847 1497 956 1573 siluis,
977 1503 1126 1577 excepto
1154 1515 1248 1559 com-

196 1597 293 1658 muni
321 1596 448 1674 labore,
475 1595 706 1677 expeditione,
737 1596 852 1676 pontis
880 1595 1014 1658 arcisue
1043 1593 1247 1659 coaedifica-

197 1695 303 1757 tione.
355 1694 436 1757 Hoc
459 1701 572 1757 autem
596 1693 808 1757 fructuorum
828 1695 986 1775 eulogiae
1008 1694 1249 1758 munusculum

197 1793 233 1854 in
264 1793 471 1875 sempiterno
498 1792 644 1875 graphio
669 1812 746 1857 curn
775 1793 954 1873 signaculo
972 1800 1114 1857 sanctae
1137 1793 1251 1856 crucis

198 1898 337 1954 maneat
353 1893 517 1974 quamdiu
534 1898 634 1974 petra
650 1890 769 1955 uolens
792 1893 827 1955 in
844 1898 972 1956 terram
989 1891 1149 1956 humanis
1167 1911 1249 1955 ocn-

197 1990 241 2053 lis
257 1991 434 2071 aspicitur,
448 1999 483 2056 et
499 2011 591 2073 aqua
606 1991 803 2072 fluctiuagis
819 1992 918 2054 undis
933 1992 1080 2055 creatori
1095 1992 1248 2054 omnium

199 2096 433 2154 creaturarum
452 2091 661 2155 deseruiens.
714 2089 752 2152 Si
767 2091 844 2172 quis
868 2110 949 2154 uero
966 2090 1141 2154 hominum
1159 2091 1250 2155 hanc

200 2208 311 2252 meam
334 2189 551 2254 donationem
570 2209 647 2252 cum
663 2189 832 2253 stultitiae
847 2189 1042 2253 temeritate
1059 2190 1251 2254 lectitando

199 2288 385 2370 infringere
414 2289 610 2366 certauerit,
628 2289 674 2352 sit
698 2289 773 2370 ipse
794 2289 959 2370 grauibus
985 2309 1048 2371 per
1073 2289 1165 2353 colla
1190 2290 1249 2353 de-

199 2407 339 2470 pressus
364 2389 492 2452 catenis
520 2389 610 2451 inter
632 2388 883 2452 flammiuomas
916 2395 1081 2453 tetrorum
1111 2388 1249 2453 daemo-

200 2507 282 2550 num
299 2494 470 2564 cateruas,
488 2488 554 2550 nisi
575 2488 670 2570 prius
694 2487 749 2550 hic
771 2488 815 2551 ad
838 2488 1109 2551 satisfactionem
1131 2489 1249 2552 uenire

200 2587 370 2651 maluerit.
418 2587 501 2650 Istis
520 2588 674 2650 terminis
692 2587 866 2668 praedicta
883 2594 976 2651 terra
995 2586 1251 2670 circumgyrato

201 2705 277 2749 esse
294 2687 441 2749 uidetur.
494 2686 560 2750 Dis
571 2686 693 2750 sindon
707 2691 755 2750 iia
769 2676 1014 2768 landgemffiro.
1066 2686 1186 2751 AErest
1203 2706 1249 2750 on

200 2785 317 2848 hunda
333 2777 433 2866 laage
449 2775 683 2867 ongrffigsole
700 2787 848 2864 burnan3
873 2785 1025 2865 andlang
1048 2784 1181 2848 burnan
1204 2806 1250 2849 on

201 2875 374 2966 grffigsole
397 2885 532 2966 hagan3
562 2886 716 2966 andlang
741 2885 856 2967 hagan
878 2875 916 2948 td
939 2885 1074 2966 hagona
1106 2876 1251 2978 gemytt-

202 3004 280 3057 um;
305 2984 346 3047 of
362 2982 426 3047 ben
449 2976 625 3097 gemjrbun
653 3003 697 3047 on
724 2983 973 3048 Tichanstedes
997 2983 1136 3065 hagam
1168 2985 1250 3048 aud-

202 3084 284 3162 lang
305 3083 420 3165 hagan
439 3075 481 3146 sit
499 3091 537 3147 to
554 3084 668 3157 felda;
692 3089 764 3148 itaet
788 3071 812 3146 a
835 3085 878 3148 he
893 3083 1097 3166 wyrtwalan
1125 3088 1171 3147 oti
1198 3084 1250 3149 hit

202 3186 303 3264 cymti
321 3174 364 3246 sit
381 3204 425 3246 on
443 3175 546 3247 sillan
562 3173 659 3259 riom
684 3183 837 3265 andlang
863 3174 938 3247 ride
960 3174 1002 3248 fit
1022 3202 1067 3246 on
1085 3182 1251 3247 Doccena

202 3280 297 3354 ford3
323 3281 363 3344 of
377 3273 449 3346 'dan
467 3283 565 3346 forda
582 3290 669 3347 west
684 3283 726 3345 be
744 3274 840 3347 more
858 3289 903 3348 ott
919 3283 970 3347 bit
988 3279 1085 3366 cymb
1102 3288 1250 3347 cutione

202 3380 385 3460 licgendan
408 3389 504 3456 stoc;
530 3372 651 3448 of’dan
676 3389 792 3448 stocce
817 3383 968 3465 andlang
995 3382 1110 3464 hagan
1141 3373 1184 3446 iit
1212 3372 1251 3447 to

203 3467 405 3558 heatfelda3
429 3471 467 3544 td
490 3482 750 3563 beorhfeldinga
767 3472 937 3565 gemffire3
961 3472 1000 3546 to
1021 3485 1090 3545 ben
1112 3481 1248 3564 hagam

200 3581 352 3660 andlang
365 3580 481 3661 hagan
495 3572 573 3645 hfir.
804 3589 806 3592 ’
1135 3633 1138 3639 ,

260 3681 299 3760 ›1‹
321 3680 397 3761 Ego
416 3680 595 3743 Eadredus
623 3699 686 3743 rex
709 3679 901 3763 Anglorum
927 3680 1118 3762 praefatam
1146 3680 1254 3746 dona-

202 3779 329 3842 tionem
352 3782 416 3843 sub
441 3780 557 3862 sigillo
573 3787 714 3843 sanctae
731 3781 842 3845 crucis
864 3780 1150 3845 indeclinabiliter
1172 3800 1255 3847 cou-

202 3879 293 3942 sensi
310 3887 415 3960 atque
431 3880 636 3960 [roboraui.]
687 3882 726 3961 ᾧ
742 3881 817 3961 Ego
824 3880 973 3962 Eadgifu
991 3879 1143 3943 eiusdem
1162 3881 1254 3963 regis

203 3984 313 4040 mater
327 3998 405 4040 oum
426 3979 540 4060 sigillo
555 3985 699 4044 sanctae
715 3981 827 4043 crucis
845 3980 1058 4045 confirmari.
1116 3982 1155 4062 ›1‹
1178 3979 1255 4062 Ego

204 4076 282 4140 Oda
297 4076 573 4142 Dorobornensis
592 4079 780 4144 aecclesiae
804 4080 1083 4163 archiepiscopus
1100 4080 1253 4147 eiusdem
