2888 4890
449 385 621 434 onsurae
643 385 987 434 ancnosnxourcns.
1179 370 1246 436 225

191 540 355 626 adeptum
385 541 550 619 existens,
577 543 757 608 basilicam
789 545 898 627 ipsam
929 543 1055 608 affectu
1077 545 1244 627 peculiari

190 641 304 722 quoad
331 641 434 717 uixit,
452 641 596 720 amauit,
614 644 752 720 ditauit,
770 651 805 707 et
823 644 1040 719 sublimauit;
1066 652 1101 709 et
1117 645 1242 708 iccirco

190 759 267 803 cum
278 760 449 805 consensu
464 748 501 805 et
513 742 749 807 benedictione
766 742 973 807 uniuersalis
989 763 1101 827 papae
1115 745 1241 808 uallem

190 837 357 903 illustrem
379 839 572 905 Giltecumb
594 841 805 924 appellatam
830 862 907 906 cum
930 844 1089 908 omnibus
1113 863 1242 927 appen-

191 938 290 1002 diciis
320 946 356 1003 et
387 939 512 1004 finibus
543 940 616 1004 suis
645 940 724 1005 binc
754 940 833 1005 inde
862 942 1029 1019 dilatatio,
1060 944 1152 1007 sicut
1182 945 1242 1025 qui

191 1037 394 1102 hodietenus
415 1048 602 1123 supersunt
619 1039 767 1104 dilucide
789 1049 926 1119 norunt,
948 1041 1086 1106 Christo
1105 1049 1140 1106 et
1160 1062 1241 1124 apo·

192 1138 291 1202 stolis
306 1139 538 1221 praetitulatis
555 1139 737 1222 delegauit,
756 1160 960 1223 omnemque
975 1160 1143 1204 summam
1159 1140 1241 1205 bae·

192 1237 351 1301 reditatis
376 1237 478 1302 huius
508 1258 572 1320 pro
598 1259 668 1303 una
694 1259 816 1303 mansa
844 1241 880 1303 in
910 1241 1004 1304 omni
1035 1241 1175 1322 negotio
1207 1248 1241 1305 et

192 1337 309 1401 debito
328 1337 447 1402 haberi
468 1339 606 1415 statuit,
629 1345 675 1416 et,
700 1346 739 1402 ut
762 1359 938 1422 nunquam
960 1340 1081 1404 maiori
1098 1340 1241 1404 seruitio

192 1430 297 1518 quam
319 1437 363 1501 ab
391 1456 462 1501 uua
493 1435 646 1519 exigitur
674 1458 795 1503 mansa
820 1439 1005 1516 deseruiat,
1033 1440 1069 1504 in
1101 1438 1242 1503 'nomine

194 1534 323 1600 Christi
335 1537 525 1602 interdixit.
552 1537 666 1620 Igitur
675 1537 764 1602 banc
781 1538 976 1603 libertatem
986 1539 1034 1603 sic
1046 1539 1242 1603 roboratam

192 1636 349 1719 quisquis
375 1637 518 1701 seruitio
545 1637 697 1718 grauiori
722 1639 943 1719 oppresserit,
963 1638 1138 1702 Christum
1164 1634 1242 1702 cum

194 1736 326 1799 uenerit
352 1736 387 1799 in
417 1737 598 1801 maiestate
627 1756 693 1800 sua
722 1756 799 1800 cum
831 1738 962 1820 angelis
991 1739 1063 1801 suis
1096 1738 1242 1813 iudicem

192 1835 375 1912 iratum,et
386 1843 526 1901 sanctos
538 1836 715 1917 apostolos
730 1835 873 1899 Petrum
884 1845 920 1901 et
929 1836 1091 1913 Paulum,
1105 1845 1243 1901 sanctos

193 1926 331 2016 quoque
353 1954 471 1999 omnes
487 1937 523 1999 in
540 1935 707 2000 aecclesia
716 1934 893 2000 Wentana
912 1937 1140 2019 quiescentes
1152 1938 1241 2001 eius·

193 2033 339 2116 demque
360 2035 546 2098 aecclesiae
569 2035 762 2118 episcopos,
777 2034 994 2100 aduersarios
1018 2035 1156 2113 babeat,
1178 2035 1246 2100 nisi

193 2153 232 2197 se
248 2128 406 2215 nequiter
420 2135 533 2216 egisse
549 2134 677 2213 doleat,
688 2154 893 2218 rursumque
910 2135 1057 2199 dilectae
1074 2135 1139 2198 deo
1155 2136 1247 2200 basi·

193 2233 281 2297 licac
303 2233 434 2296 amicus
453 2225 598 2299 efficitur
619 2234 824 2299 Wentanac.
877 2233 979 2299 Anno
999 2233 1168 2317 siquidem
1192 2235 1244 2298 in·

194 2333 405 2396 carnationis
416 2333 902 2399 dominicae.ncccc.xxxv11.
917 2335 976 2417 qui
986 2335 1173 2416 praecessit
1185 2354 1246 2397 an·

195 2451 278 2496 num
300 2451 370 2514 quo
387 2432 516 2497 bellum
530 2433 663 2497 celebre
680 2434 715 2497 in
729 2433 1004 2514 Bruningaselda
1019 2434 1150 2498 factum
1167 2433 1246 2513 fuit,

195 2530 402 2599 AElielstano
417 2553 499 2615 rege
514 2553 577 2616 pro
594 2533 647 2596 his
663 2540 698 2596 et
715 2533 792 2596 aliis
808 2533 925 2596 multis
941 2533 1116 2596 beneficiis
1135 2533 1246 2597 uicto·

196 2632 283 2695 riam
306 2632 495 2710 obtinente,
512 2631 653 2697 libertas
680 2632 765 2697 haec
788 2639 953 2696 renouata
970 2641 1057 2709 erat,
1079 2632 1246 2715 archiepi-

195 2731 322 2813 scopis,
349 2731 532 2815 episcopis‚
563 2732 720 2809 ducibus,
751 2739 786 2795 et
813 2732 1024 2815 principibus
1055 2729 1248 2814 Anglorum

195 2830 333 2893 insimul
365 2850 428 2912 pro
462 2832 561 2914 regni
598 2832 750 2896 utilitate
787 2831 1005 2909 coadunatiS,
1036 2832 1096 2914 qui
1130 2851 1248 2896 omncs

195 2948 301 2993 unam
321 2929 596 2997 maledictionem
617 2932 649 2997 ci
670 2931 908 3017 imposuerunt
927 2932 986 3017 qui
1002 2950 1079 2995 eam
1096 2951 1247 3015 unquam

195 3028 406 3095 immutaret.

658 3124 779 3141 -Q

632 3246 813 3312 Mcxlv.

538 3366 825 3473 cucusum,
847 3397 924 3461 oar.

255 3530 293 3610 ›1‹
318 3527 395 3591 Eoo
416 3526 643 3592 AElielstanus
661 3548 724 3592 rex
741 3526 936 3609 Anglorum
956 3534 990 3592 et
1014 3548 1124 3612 aeque
1143 3529 1251 3593 totius

198 3627 358 3692 Albionis
373 3628 596 3708 gubernator,
605 3635 749 3709 rogatus
764 3627 814 3690 fui
829 3646 851 3690 a
863 3629 947 3692 meis
961 3627 1117 3691 fidelibus
1134 3629 1252 3691 minis-

199 3727 274 3804 tris,
295 3734 335 3790 ut
356 3725 508 3808 aliquam
527 3734 660 3808 partem
678 3737 791 3790 terrae
811 3727 846 3790 in
866 3735 1040 3792 aeternam
1060 3726 1250 3792 haeredita·

199 3834 269 3891 tem
285 3826 442 3890 laxarem
456 3825 611 3907 Sigulfo;
630 3846 815 3908 corumque
832 3827 990 3908 precibus
1011 3845 1178 3903 annuens,
1190 3847 1253 3909 pro

201 3928 276 3993 eius
300 3924 439 3989 amabili
465 3925 677 3990 subiectione
704 3936 809 4008 atque
834 3925 1040 4001 obedientia,
1067 3945 1143 3988 cum
1171 3946 1253 3990 con-

200 4045 304 4092 sensu
321 4025 526 4108 optimatum
542 4045 707 4102 meorum,
721 4031 848 4090 terram
863 4026 1016 4109 quinque
1029 4025 1250 4101 manentium,

199 4126 260 4192 ubi
290 4126 333 4189 ab
360 4124 483 4191 incolis
516 4126 711 4191 nominatur
742 4125 967 4204 Niwantune,
996 4125 1097 4188 iuxta
1125 4123 1251 4189 diriua-

249 4241 337 4289 rou.
350 4240 381 4286 v.
1083 4241 1104 4300 q
