2888 4890
470 387 641 435 curares
664 387 1007 440 Aucnossxomcun.
1185 375 1252 439 259

199 541 280 606 tiuis
297 550 333 606 et
347 544 421 608 sins
447 543 552 609 dubio
580 545 786 610 transitoriis
810 547 1097 628 possessiunculis
1120 549 1255 631 iugiter«

198 662 361 707 mansura
377 662 486 727 regna
503 643 558 709 dei
582 646 747 728 suffragio
769 646 991 729 adipiscenda
1005 656 1096 713 sunt.
1150 648 1247 728 Qua·

196 750 338 826 propter
351 764 417 827 ego
434 743 658 810 Eadmundus
672 767 735 810 rex
754 744 947 829 Anglorum
964 755 1246 834 caeterarumque

197 845 353 925 gentium
378 845 413 909 iu
440 846 586 910 circuitu
612 847 881 929 persistentium,
897 848 1032 912 cuidam
1057 849 1150 914 fideli
1169 870 1245 915 meo

196 944 353 1009 ministro
381 946 536 1010 uocitato
563 947 701 1010 nomine
715 946 898 1022 Wulirico,
915 967 978 1030 pro
1004 948 1077 1012 eius
1105 951 1246 1015 amabili

196 1044 390 1109 obedientia
419 1046 561 1130 eiusque
589 1046 752 1129 placabili
776 1049 933 1129 pecunia,
962 1067 1066 1130 quam
1094 1050 1177 1114 mihi
1208 1052 1244 1114 in

196 1162 282 1210 suae
303 1146 497 1210 deuotionis
516 1147 682 1231 obsequio
700 1147 824 1212 detulit
844 1165 918 1212 .Χν.
937 1168 1077 1213 mansas
1100 1149 1245 1216 libenter

196 1244 373 1328 largiendo
390 1246 517 1311 donaui
532 1247 568 1310 in
591 1247 650 1312 illo
668 1247 743 1311 loco
766 1247 825 1311 ubi
842 1248 1012 1312 ruricolae
1032 1249 1243 1332 appellatiuo

198 1365 263 1408 usu
295 1345 560 1430 ludibundisque
597 1347 776 1412 uocabulis
808 1368 932 1412 nomen
969 1349 1165 1415 indiderunt
1198 1360 1245 1417 aet

197 1443 429 1524 Garanforda,
455 1455 495 1512 ut
526 1448 668 1513 eandem
696 1454 960 1530 suprataxatam
990 1456 1118 1514 terram
1150 1452 1244 1516 uitae

193 1565 279 1611 suae
296 1565 399 1611 cursu
412 1547 580 1612 foeliciter
594 1547 781 1631 possideat.
835 1548 949 1631 Igitur
965 1549 1162 1615 imminente
1178 1551 1243 1615 dis-

195 1646 377 1712 solutionis
403 1666 487 1712 suae
509 1649 596 1713 calle
615 1648 769 1731 corporis
791 1655 826 1712 et
842 1649 989 1726 animae,
1007 1669 1243 1716 successorum

193 1747 260 1811 sibi
279 1766 437 1813 carorum
458 1749 512 1812 cui
541 1769 578 1812 se
600 1749 738 1813 libuerit
755 1755 869 1812 mente
890 1748 1000 1815 libera
1024 1750 1115 1816 dono
1138 1751 1244 1834 largi-

195 1853 276 1911 atur
309 1854 345 1912 et
375 1849 470 1932 ipse3
515 1856 681 1932 perpetue
723 1869 872 1932 namque
910 1848 1010 1913 huius
1049 1853 1243 1918 tramitibus

194 1946 311 2011 mundi
335 1947 400 2013 boc
421 1949 513 2032 quod
531 1949 685 2014 concessi
703 1956 815 2014 terrae
832 1957 1075 2031 praenotatum
1097 1971 1119 2015 a
1139 1972 1244 2017 cunc-

193 2047 240 2112 tis
261 2047 436 2113 laboribus
463 2050 556 2114 uitae
585 2049 782 2114 mortalium
810 2056 1010 2132 permaneat
1037 2052 1244 2132 abdicatum,

194 2154 333 2230 praeter
347 2149 380 2212 id
400 2149 492 2232 quod
517 2150 616 2215 nobis
633 2151 789 2214 omnibus
811 2149 956 2230 indigeri
973 2150 1122 2229 uidetur,
1137 2153 1172 2216 id
1190 2164 1244 2219 est

188 2248 275 2325 tria,
298 2250 471 2314 exercitus
500 2250 643 2327 aditum,
670 2251 785 2333 pontis
813 2249 1017 2327 aedificium,
1042 2253 1243 2318 munitionis

193 2349 397 2431 castellique
424 2349 603 2427 auxilium,
630 2351 666 2413 in
693 2351 848 2415 omnibus
872 2356 908 2413 et
932 2370 994 2433 per
1016 2353 1130 2416 omnia
1152 2374 1245 2437 quae

174 2521 176 2525 ¹
191 2449 238 2512 ad
256 2449 400 2514 eundem
418 2451 572 2515 subiecta
589 2458 670 2514 sunt
687 2450 812 2527 locum,
828 2451 978 2532 pascuis,
992 2453 1113 2532 pratis,
1133 2454 1243 2533 siluis,

193 2555 229 2613 et
255 2552 399 2632 campis,
422 2551 558 2632 magnis
579 2550 636 2614 uel
656 2551 813 2629 minimis,
840 2557 879 2615 ut
905 2557 1025 2614 nostra
1051 2552 1119 2616 iam
1146 2573 1243 2618 uera-

193 2649 280 2714 citer
296 2650 470 2732 praeferta
486 2651 723 2736 suprascripta
744 2659 797 2714 est
816 2652 852 2714 in
872 2650 962 2715 linea
980 2651 1133 2729 traditio,
1150 2656 1242 2737 quod

193 2747 231 2813 in
247 2758 422 2815 aeternum
441 2752 604 2815 manebit.
657 2751 695 2815 Si
721 2749 831 2836 [quis]
856 2749 1075 2816 daemonicae
1096 2752 1244 2818 sermen-

192 2850 335 2915 tationis
360 2851 501 2916 stimulo
524 2851 685 2915 incedens
705 2859 861 2916 nostrum
882 2851 1057 2932 integrum
1078 2859 1114 2916 et
1129 2854 1242 2921 inuio·

193 2950 303 3015 latum
332 2951 459 3016 donum
477 2950 713 3016 fraudulenter
738 2951 922 3033 infringere
945 2953 1157 3034 probauerit,
1181 2974 1243 3020 uo-

194 3051 284 3115 uerit
310 3070 347 3116 se
372 3051 597 3134 proculdubio
625 3072 702 3116 cum
725 3049 830 3116 Anna
858 3057 894 3115 et
922 3051 1057 3116 Zafirra
1084 3054 1243 3120 satelliti·

193 3151 326 3233 busque
353 3171 471 3216 eorum
501 3151 659 3216 herebica
684 3154 826 3217 aeterni
846 3151 1075 3216 anathematis
1106 3174 1243 3223 macera

193 3250 449 3333 perforandum,
467 3251 533 3314 nisi
556 3252 651 3334 prius
680 3252 784 3334 digna
807 3252 1043 3318 satisfactione
1063 3257 1243 3322 emendare

194 3350 353 3416 uoluerit.
419 3351 559 3432 Siquis
588 3359 703 3417 autem
728 3351 830 3417 aliter
856 3353 1050 3418 inexhustis
1077 3356 1242 3422 imbribus

193 3453 361 3516 bonorum
379 3471 519 3534 operum
538 3452 776 3534 religiosorum
801 3453 961 3535 exempla
974 3454 1242 3520 studueritim-

193 3551 292 3635 pleri,
311 3558 346 3616 et
364 3559 517 3616 nostram
533 3553 795 3616 minutissimam
820 3552 1038 3618 donationem
1058 3558 1241 3622 certauerit

192 3652 301 3718 libera
317 3653 509 3717 intentione
526 3671 654 3733 augere
669 3653 1035 3729 uoluerit,coelestium
1051 3659 1240 3721 turmarum

192 3760 387 3817 consortem
407 3753 443 3816 in
460 3759 600 3816 aeterna
625 3752 718 3817 doxa
743 3753 903 3829 laetetur,
926 3760 961 3816 et
983 3751 1240 3823 retributionem

191 3852 443 3916 beniuolentiae
467 3871 551 3917 suae
575 3873 652 3916 cum
679 3853 886 3936 sempiterno
912 3851 1140 3917 haereditario
1158 3875 1241 3936 gau-

191 3952 276 4017 dens
285 3952 439 4016 tonantis
451 3953 633 4016 melodiam
650 3959 824 4016 mereatur
841 3952 971 4029 audire,
981 3952 1108 4017 Venite
1123 3974 1241 4021 omnes

191 4053 252 4136 qui
280 4052 495 4117 uoluntatem
526 4072 638 4118 meam
666 4053 807 4128 fecistis,
836 4059 871 4116 et
895 4072 964 4116 non
988 4055 1241 4137 contempsistis

190 4159 377 4236 praecepta
403 4151 533 4217 aeterni
560 4155 679 4236 patris.
734 4153 817 4216 Istis
841 4153 994 4217 terminis
1023 4160 1115 4216 terra
1140 4174 1240 4236 prae-

1062 4279 1073 4312 s
1086 4269 1101 4312 2
