2888 4890
465 354 638 402 curasan
660 353 1006 403 ruenosaxomcnn.
1192 342 1259 407 335

200 509 388 573 indictione
405 527 517 574 .x1111.
557 509 675 573 Huius
691 511 773 575 doni
788 512 1097 594 constipulatorum
1118 515 1255 577 nomina

200 608 344 672 inferius
360 616 482 674 notata
498 608 671 673 uidentur.

256 710 296 790 ›1‹
322 708 399 789 Ego
422 707 600 772 Eadredus
624 728 687 772 rex
708 706 902 788 Anglornm
927 710 1119 792 praefatam
1145 711 1252 774 dona·

201 806 330 870 tionem
353 808 417 871 sub
440 807 555 888 sigillo
579 816 722 872 sanctae
739 809 851 871 crucis
872 809 1156 873 indeclinabiliter
1171 829 1252 873 con·

201 907 293 969 sensi
322 913 428 987 atque
455 907 629 969 roboraui.
699 909 738 988 ᾧ
768 907 844 988 Ego
874 907 952 971 Oda
976 907 1252 972 Dorobernensis

201 1005 390 1070 aecclesiae
415 1004 694 1087 archiepiscopus
722 1008 786 1069 sub
819 1005 934 1086 sigillo
966 1015 1108 1071 sanctae
1140 1008 1252 1072 crucis

200 1104 367 1169 conclusi.
425 1106 464 1185 ᾧ
492 1104 569 1185 Ego
587 1104 735 1185 Eadwig
752 1104 859 1167 cliton
883 1104 1056 1186 adquieui.
1113 1108 1152 1187 ᾧ
1176 1107 1252 1188 Ego

202 1203 343 1284 Eadgar
356 1203 464 1266 frater
481 1205 555 1266 eius
571 1203 742 1267 consensi.
793 1205 832 1285 ›1‹
849 1203 926 1285 Ego
941 1204 1119 1268 Wulfstan
1144 1206 1252 1270 archi·

200 1303 383 1384 episcopus
413 1303 571 1365 consensi
595 1310 631 1366 et
660 1303 859 1383 subscripsi.
931 1304 970 1383 »1⁴
998 1303 1075 1384 Ego
1101 1305 1250 1387 AElfsige

201 1402 382 1482 episcopus
408 1402 642 1465 corroboraui.
724 1404 764 1484 ›1‹
782 1401 858 1483 Ego
874 1401 1047 1484 Wnlfsige
1068 1404 1250 1486 episcopus

200 1499 435 1564 testitudinem
458 1506 600 1565 sanctae
621 1500 733 1563 crucis
751 1501 950 1581 subscripsi.
1007 1504 1046 1584 ›1‹
1067 1503 1143 1582 Ego
1161 1503 1251 1566 AElf-

200 1598 290 1662 wold
305 1600 487 1681 episcopus
510 1599 724 1678 consignaui.
786 1601 825 1680 ᾧ
846 1599 923 1679 Ego
938 1599 1046 1662 Osulf
1068 1603 1250 1683 episcopus

198 1697 372 1763 roboraui.
439 1700 478 1779 ᾧ
506 1697 582 1778 Ego
608 1696 788 1780 Byrhtelm
823 1699 1005 1780 episcopus
1037 1701 1249 1781 consignaui.

204 1800 243 1879 ᾧ
267 1797 343 1878 Ego
359 1797 541 1861 AE'delstan
560 1797 641 1859 dux.
708 1799 747 1878 ›1‹
769 1796 845 1877 Ego
863 1797 1044 1861 Eadmund
1063 1799 1147 1862 dux.
1205 1802 1244 1881 ᾧ

200 1897 276 1978 Ego
298 1896 447 1977 AElfsige
480 1895 645 1959 minister.
724 1898 764 1978 ›1‹
802 1896 877 1977 Ego
908 1896 1051 1959 AElfnoti
1082 1897 1248 1962 minister.

204 1998 243 2077 »1⁴
265 1995 342 2076 Ego
359 1994 536 2075 AEdelsige
568 1995 734 2058 minister.
807 1998 846 2077 ›1‹
877 1994 953 2076 Ego
971 1995 1155 2078 Byrhtferd
1184 1998 1248 2060 mi·

198 2094 317 2158 nister.

249 2193 316 2256 Sed
334 2200 370 2257 et
387 2193 489 2256 huius
512 2193 709 2258 donationis
726 2192 931 2256 Dunstanus
953 2195 1061 2257 abbas
1083 2201 1118 2258 et
1137 2196 1248 2258 omnis

197 2293 420 2374 congregatio
445 2291 703 2375 Glestingensis
730 2293 919 2357 aecclesiae
951 2302 1058 2357 testes
1089 2295 1247 2359 extitisse

198 2401 443 2457 memorantur.

245 2490 375 2556 Rubria.
420 2492 487 2558 Dis
512 2493 542 2554 is
564 2479 653 2555 ’adra
677 2509 722 2556 .v.
736 2482 819 2555 hida
847 2482 913 2556 bdc
939 2500 985 2556 aet
1003 2484 1171 2556 Rimtsme
1188 2498 1245 2557 ’6ae

197 2580 345 2655 Eidraed
369 2590 486 2673 cining
512 2580 688 2673 gebdcode
703 2582 877 2656 Brihtrice
903 2591 956 2655 his
984 2595 1091 2677 begae
1117 2611 1161 2655 on
1184 2583 1245 2656 ece

195 2691 280 2772 yrfe.

659 2780 780 2790 -——

607 2903 844 2969 ncnxxv.
940 2858 945 2866 ⁸

610 3027 830 3118 cinaeo.

243 3192 282 3271 »1⁴
298 3187 343 3252 IN
359 3186 497 3250 nomine
512 3185 642 3248 domini
657 3185 767 3248 nostri
781 3185 886 3248 Ihesu
898 3184 1026 3248 Christi
1044 3186 1244 3253 saluatoris!

194 3289 321 3354 Omnia
337 3285 486 3350 uisibilia
503 3285 605 3348 huius
622 3286 814 3367 praesentis
834 3285 963 3348 saeculi
979 3285 1107 3350 scimus
1125 3289 1244 3352 certis·

193 3391 278 3454 sime
295 3393 330 3452 et
347 3386 421 3449 sine
447 3382 674 3464 ambiguitate
694 3383 821 3447 cotidie
839 3384 1023 3449 manifesta
1044 3386 1081 3448 in
1098 3386 1244 3451 diuersis

191 3491 293 3552 rebus
317 3485 492 3549 declarata
514 3489 606 3560 sunt,
632 3483 724 3565 quod
749 3484 950 3547 transitoria
973 3503 1014 3547 ac
1040 3487 1244 3566 temporalia

192 3604 361 3669 supernus
388 3591 502 3648 rector
523 3583 637 3647 omnia
662 3590 853 3658 creauerat‚
868 3583 935 3645 nisi
956 3589 1090 3646 tantum
1112 3584 1242 3648 uictum

191 3685 384 3750 hominibus
407 3684 531 3746 cotidie
555 3702 731 3765 persuum
754 3682 949 3763 largifluam
974 3681 1242 3746 misericordiam

191 3784 378 3850 distribuit.
441 3781 664 3864 Quapropter
692 3801 758 3865 ego
786 3781 978 3858 Eadredus,
994 3780 1112 3844 diuina
1130 3782 1243 3845 indul·

192 3892 295 3968 gente
312 3882 494 3949 clementia
514 3901 577 3945 rex
590 3880 798 3963 Anglorum,
815 3882 893 3945 dedi
908 3880 1043 3945 cuidam
1059 3900 1134 3944 meo
1149 3881 1241 3947 fideli

192 3984 350 4048 ministro
376 4001 417 4046 ac
433 3981 545 4059 militi,
564 3981 624 4063 qui
641 3983 686 4045 ab
702 3981 920 4045 incunabulis
935 4000 1019 4044 suae
1036 3979 1240 4046 infantilita-

191 4085 248 4163 tis,
255 4105 323 4148 non
336 4081 478 4147 fortuitu
494 4082 554 4146 sed
570 4081 751 4147 uoluntate
765 4089 1091 4164 parentum,nomen
1107 4082 1240 4163 accepit
