2888 4890
478 362 651 411 curarum
673 361 1015 411 lucrosaxourcnn.
1200 351 1265 414 135

207 524 455 600 tempestatum
477 518 631 581 turbines
651 537 756 600 saepe
780 537 823 581 ea
845 535 935 600 quae
957 538 979 582 a
1000 518 1157 583 fidelibus
1176 522 1261 585 uiris

208 616 371 681 ordinata
401 624 483 682 sunt
509 625 754 700 conquassant,
780 623 815 681 et
846 619 998 683 maxime
1023 619 1053 682 si
1082 640 1153 684 non
1179 628 1261 687 sunt

206 716 403 783 litterarum
442 717 598 799 apicibus
639 735 745 781 causa
789 718 974 782 memoriae
1018 721 1258 786 commendata

207 815 267 880 uel
290 814 481 881 dominicae
505 816 618 880 crucis
646 817 748 898 signo
773 817 1010 882 corroborata.
1061 819 1193 885 Iccirco
1223 821 1259 884 in

206 915 323 998 palam
344 916 434 981 duco
460 916 610 999 qualiter
631 935 653 980 a
671 917 860 980 uenerabili
885 918 1082 987 Wentanac
1104 920 1257 985 ciuitatis

207 1015 375 1099 episcopo
411 1015 616 1080 Denewulio
650 1015 904 1098 aliquantulum
940 1025 1051 1082 terrae
1085 1019 1256 1102 adquisie-

206 1133 281 1179 ram
296 1135 378 1180 cum
399 1116 484 1180 satis
506 1114 539 1179 ci
556 1115 718 1198 placabili
740 1116 900 1198 pecunia,
919 1136 1050 1181 necnon
1070 1125 1106 1182 et
1127 1118 1255 1182 aeccle-

205 1214 295 1279 siam
313 1216 495 1281 beatorum
518 1215 755 1298 apostolorum
776 1214 874 1280 Petri
893 1223 928 1280 et
952 1215 1067 1293 Pauli,
1082 1217 1139 1280 cui
1158 1237 1255 1299 prae-

204 1313 300 1378 fatus
319 1314 459 1398 praesul
479 1314 545 1379 deo
566 1315 706 1380 fauente
731 1314 893 1393 deseruit,
914 1316 1060 1379 aliarum
1084 1323 1253 1380 terrarum

205 1413 393 1479 donatione
418 1413 538 1480 ditaui.
599 1414 689 1479 Dedi
718 1433 867 1496 namque
896 1415 1154 1480 antenominato
1185 1418 1254 1500 epi-

204 1531 311 1596 scopo
334 1530 380 1579 m.
397 1513 504 1578 libras
518 1513 692 1597 purissimi
709 1514 855 1595 argenti,
877 1515 1017 1598 insuper
1036 1523 1072 1578 et
1096 1515 1138 1579 ad
1156 1535 1254 1597 prae·

202 1612 333 1679 dictam
347 1613 550 1678 aecclesiam
571 1614 751 1678 beatorum
773 1614 1008 1695 apostolorum
1023 1614 1102 1678 dedi
1127 1623 1253 1680 terram

202 1714 457 1797 quinquaginta
478 1714 688 1777 manentium
708 1714 744 1776 in
763 1711 841 1784 loco
860 1714 920 1778 ubi
941 1713 1081 1779 ruricoli
1095 1715 1253 1781 uocitant

202 1811 400 1891 Ciscldenu,
418 1833 553 1878 necnon
569 1820 604 1878 et
621 1813 657 1876 in
678 1811 747 1878 alio
764 1811 842 1878 loco
859 1813 918 1876 ubi
937 1813 1063 1878 dicitur
1079 1820 1125 1879 aet
1145 1813 1250 1880 Nilia-

201 1931 266 1977 ran
286 1912 554 1978 Hissanburnan
573 1930 646 1978 nx.
662 1919 849 1977 manentes.
901 1912 980 1978 Has
1001 1921 1116 1977 autem
1139 1920 1250 1981 terras

201 2019 303 2095 pater
318 2033 416 2078 meus
431 2012 662 2079 AE’delwulfus
675 2013 883 2077 uenerabilis
900 2032 962 2076 rex
979 2013 1075 2096 prius
1091 2013 1134 2076 ad
1149 2033 1250 2096 prae-

200 2112 329 2177 dictam
359 2114 562 2178 aecclesiam
589 2120 669 2195 post
687 2113 831 2176 'obitum
862 2132 976 2175 meum
1007 2112 1043 2176 in
1074 2114 1249 2195 propriam

199 2212 447 2279 haereditatem
461 2212 568 2290 dedit,
589 2212 650 2277 sed
667 2211 845 2276 AElsrcdus
865 2213 1057 2294 episcopua,
1078 2231 1149 2275 una
1171 2232 1248 2276 cum

200 2311 335 2378 familia
346 2312 546 2378 wintoniae
556 2313 709 2376 ciuitatis
721 2312 921 2385 aecclesiae,
936 2312 1013 2375 illas
1027 2310 1110 2374 mibi
1124 2312 1248 2376 iterum

199 2411 236 2476 in
260 2421 437 2478 aeternam
461 2412 708 2477 haereditatem
730 2411 964 2489 reddiderunt,
986 2410 1067 2493 quia
1090 2431 1149 2476 eos
1177 2433 1246 2477 non

199 2514 408 2595 suppetebat
434 2512 704 2594 magnitudinem
732 2512 854 2576 tributi
879 2511 1013 2575 soluere
1041 2530 1146 2593 quam
1172 2520 1248 2578 tota

195 2620 321 2677 nostra
334 2631 419 2695 gens
439 2611 597 2677 soluebat
614 2612 761 2694 paganis
777 2610 930 2687 reddere,
946 2612 1078 2692 precati
1095 2618 1177 2675 sunt
1194 2633 1248 2677 me

199 2719 241 2776 ut
259 2712 426 2777 tributum
445 2712 626 2777 soluissem
642 2719 678 2776 ct
700 2719 826 2775 terram
844 2710 1085 2793 possedissem
1101 2711 1194 2794 quod
1211 2720 1247 2775 et

199 2810 285 2891 feci3
303 2831 364 2876 eas
379 2831 463 2876 uero
478 2830 570 2875 nunc
586 2830 628 2874 ea
644 2811 840 2875 conditione
856 2811 901 2874 ad
915 2819 1246 2892 supramemoratam

199 2911 402 2976 aecclesiam
413 2911 503 2988 dedi,
516 2923 567 2987 ut,
580 2910 664 2973 meis
679 2910 799 2973 diebus
814 2909 933 2987 finitis,
945 2910 980 2972 in
993 2909 1136 2973 seruitio
1151 2917 1245 2975 antc-

197 3018 408 3076 memoratae
429 3009 615 3075 aecclesiae
635 3009 768 3090 deoque
792 3010 839 3072 ibi
863 3008 1104 3072 famulantium
1121 3028 1243 3093 perpe-

196 3110 336 3175 tualiter
359 3116 524 3174 maneant
553 3109 597 3172 ab
627 3108 721 3172 omni
748 3109 918 3172 saeculari
946 3108 1087 3189 negotio
1116 3109 1245 3175 liberae

196 3219 334 3294 praeter
347 3209 613 3292 expeditionem,
632 3215 667 3271 et
684 3209 800 3290 pontis
820 3209 954 3272 arcisue
970 3208 1243 3275 instructionem.

196 3311 306 3375 Terra
321 3310 446 3374 etenim
459 3328 565 3391 quam
579 3307 682 3371 michi
696 3308 835 3390 praesul
851 3307 1129 3371 antenominatus
1145 3308 1244 3373 dedc-

194 3417 250 3475 rat
265 3410 461 3492 quantitate
474 3417 529 3473 est
542 3425 584 3474 .c.
595 3407 821 3484 manentium,
834 3407 903 3471 sita
918 3414 971 3470 est
986 3414 1102 3470 autem
1119 3408 1154 3470 in
1167 3408 1244 3473 loco

193 3509 254 3572 ubi
269 3509 379 3573 accoli
396 3508 557 3590 Ceolesig
574 3512 787 3590 nuncupant,
803 3526 881 3570 cum
898 3505 976 3569 aliis
990 3506 1124 3570 duobus
1141 3508 1244 3571 uillu-

194 3606 238 3673 lis
250 3608 333 3673 illuc
348 3607 597 3691 pertinentibus
616 3607 735 3687 sicque
751 3606 936 3670 nominatis
958 3604 1192 3670 Haccaburna
1207 3615 1243 3670 et

195 3707 442 3784 Baestlaesford,
457 3716 492 3773 et
511 3706 555 3770 ab
573 3706 731 3770 omnibus
750 3713 832 3770 sunt
855 3703 1058 3788 aequaliter,
1075 3712 1115 3769 ut
1140 3704 1241 3784 aliae,

192 3806 427 3872 saecularibus
448 3806 609 3889 negotiis,
630 3812 769 3888 praeter
791 3804 1046 3887 expeditionem
1070 3811 1105 3867 et
1125 3806 1241 3885 pontis

190 3907 327 3970 aroisue
340 3905 614 3982 instructionem,
626 3905 765 3969 liberae.
818 3905 880 3967 Dis
898 3901 1020 3966 sindon
1035 3909 1083 3967 lta
1098 3903 1240 3984 landge-

189 3996 288 4070 mere
308 3995 346 4070 to
371 3995 563 4086 Ce‘dlesige.
604 4003 688 4068 Oier
714 4003 924 4068 Sunesforda
944 3994 1018 4085 supp
1041 4022 1086 4066 on
1109 3994 1240 4085 grenan

189 4096 302 4186 diune3
316 4111 436 4170 ’bonon
451 4125 496 4169 on
512 4105 635 4186 bigran
652 4105 809 4186 bongran
825 4101 1109 4182 nor’deweardne3
1128 4101 1240 4168 bonon
