2888 4890
189 361 255 424 314
447 375 619 424 curares
641 371 1004 425 ancnosnxonrorn..

194 533 357 616 Wulfgar
383 534 455 596 dux
480 533 649 596 consensi.
706 534 745 613 »14
766 532 843 613 Ego
864 530 1050 596 AE’delstan
1072 531 1144 593 dux
1169 550 1248 594 con-

192 633 297 697 sensi.
343 636 382 715 »14
399 633 476 714 Ego
486 632 667 697 Ealhhelm
685 632 757 696 dux
772 632 942 696 consensi.
988 633 1027 712 »14
1042 631 1119 712 Ego
1128 629 1250 693 AE’eel·

191 733 296 796 mund
322 733 393 796 dux
417 734 585 796 consensi.
642 734 681 813 »14
701 732 777 813 Ego
807 731 946 813 AElfgar
975 731 1048 795 dux
1076 730 1246 794 consensi.

199 833 336 915 ›1⁴Ego
364 832 547 896 Eadmund
573 832 728 907 minist&
753 832 924 895 consensi.
991 831 1030 910 »14
1051 831 1129 912 Ego
1157 829 1246 892 AElf·

191 940 271 996 stan
283 933 438 996 minister
455 932 623 997 consensi.
681 933 720 1012 »14
735 931 812 1012 Ego
829 930 978 995 Wulfric
994 931 1150 993 minister
1167 948 1246 992 con·

193 1032 296 1095 sensi.
353 1034 392 1113 »14
424 1032 501 1113 Ego
527 1031 676 1111 AElfsige
700 1032 857 1094 minister
882 1030 1051 1094 consensi.
1107 1031 1148 1108 »14
1169 1029 1246 1110 Ego

192 1130 341 1195 Wulfric
368 1131 524 1195 minister
551 1130 719 1195 consensi.
776 1132 815 1211 »14
836 1130 913 1211 Ego
939 1128 1062 1192 AEllric
1088 1129 1247 1192 minister

95 1264 100 1273 ,
193 1231 361 1294 consensi.
419 1233 458 1312 »14
482 1230 558 1311 Ego
586 1229 765 1310 AE'delsige
791 1230 948 1293 minister
973 1229 1142 1293 consensi.
1202 1230 1241 1309 »14

193 1330 269 1411 Ego
285 1329 460 1394 AEiielnod
483 1330 640 1393 minister
659 1329 827 1392 consensi.
884 1331 923 1410 »14
946 1328 1022 1409 Ego
1039 1327 1246 1409 AEdelgeard

193 1430 348 1492 minister
359 1429 526 1492 consensi.
577 1431 617 1510 »14
633 1428 710 1509 Ego
723 1428 890 1491 AElfheah
906 1428 1062 1491 minister
1075 1427 1246 1491 consensi.

197 1531 236 1610 »14
252 1529 328 1610 Ego
347 1528 482 1591 AElt'red
506 1528 660 1592 minister
673 1529 851 1616 consensi.
910 1529 949 1608 »14
979 1527 1056 1609 Ego
1082 1524 1246 1592 AEoelred

192 1628 347 1692 minister
364 1628 532 1692 consensi.

640 1874 798 1940 Mcnx,

560 1997 780 2102 ninnnn,
806 2026 884 2090 ors.

263 2176 302 2255 »14
334 2171 443 2236 Anno
474 2171 665 2235 dominicae
696 2172 946 2238 incarnationis
977 2192 1244 2240 ‚ncccexovnn

194 2273 269 2353 Ego
281 2272 459 2335 Eadredus
472 2291 547 2347 rex,
558 2292 620 2354 pro
637 2291 754 2335 amore
766 2272 832 2351 dei,
849 2274 893 2336 ad
904 2274 1093 2356 profectum
1109 2277 1245 2339 animae

193 2391 300 2449 meae,
313 2371 419 2435 offero
442 2372 680 2434 munusculum
703 2380 845 2436 sanctae
864 2374 1150 2456 metropolitanae
1166 2395 1244 2439 aec-

192 2472 317 2535 clesiae
339 2472 376 2533 in
395 2471 614 2535 Dorobernia
640 2471 794 2548 ciuitate,
811 2472 931 2535 uillam
953 2475 1085 2538 scilicet
1107 2476 1245 2538 nomine

191 2570 418 2647 Tuuicaham,
430 2570 467 2633 in
483 2570 662 2652 prouincia
672 2570 964 2650 Midlesaxonum,
981 2593 1087 2655 super
1098 2573 1243 2638 fluuium

192 2671 382 2734 Tamisiam
406 2671 522 2747 sitam,
543 2690 620 2734 cum
639 2671 796 2734 omnibus
821 2672 961 2736 adeam
983 2673 1049 2738 rite
1074 2674 1245 2755 pertinen·

192 2772 297 2849 tibae,
324 2770 465 2834 liberam
490 2771 533 2833 ab
559 2770 653 2834 omni
678 2770 850 2834 saeculari
880 2773 1053 2853 grauitate
1075 2780 1110 2836 et
1135 2773 1247 2837 fiscali

192 2872 333 2946 tributo,
350 2871 504 2952 exceptis
522 2863 752 2951 expeditione,
771 2872 887 2953 pontis
905 2880 940 2936 et
957 2872 1046 2935 arcis
1070 2880 1247 2937 construc-

193 2971 296 3035 tione.
342 2969 379 3031 Si
396 2969 472 3051 quis
489 2969 672 3032 cuiuslibet
686 2988 805 3048 sexus,
817 2971 960 3048 ordinis,
977 2972 1034 3034 uel
1051 2971 1245 3053 dignitatis

191 3069 256 3132 hoc
284 3069 480 3132 memoriale
509 3088 621 3131 meum
649 3087 866 3152 corrumpere
896 3072 1131 3153 temptauerit,
1154 3072 1245 3137 dele·

194 3176 273 3231 atur
297 3169 462 3232 memoria
484 3168 558 3232 eius
581 3168 624 3232 de
646 3168 734 3231 libro
758 3170 863 3248 uitae,
885 3177 920 3233 et
940 3172 1046 3236 robur
1071 3171 1145 3236 eius
1173 3173 1247 3237 sine

193 3267 370 3348 refrigerio
388 3268 609 3332 aeternaliter
625 3275 834 3333 conteratur.

656 3430 777 3441 ——..

632 3514 812 3582 ncnxr.

560 3640 780 3744 einana,
801 3667 877 3731 ers.

260 3816 299 3895 »14
330 3813 374 3876 In
401 3814 540 3878 nomine
565 3814 646 3877 almi
676 3823 711 3879 et
743 3817 844 3897 agiae
875 3816 1029 3898 sophiae,
1061 3816 1120 3898 qui
1146 3837 1244 3883 mon·

192 3912 343 3977 archiam
369 3913 487 3976 mundi
515 3914 623 3977 totius
646 3934 687 3977 ac
716 3915 954 3980 celsitudinem
978 3916 1165 3995 coelorum,
1183 3918 1245 3982 ab·

191 4013 367 4094 ditamque
389 4013 657 4094 profunditatem
683 4017 854 4096 turgentis
868 4017 989 4079 oceani
1005 4017 1042 4080 in
1057 4016 1139 4081 altis
1155 4027 1190 4082 et
1208 4018 1244 4080 in

191 4112 268 4175 imis
285 4113 401 4177 omnia
428 4133 506 4177 cum
531 4132 615 4178 suae
644 4115 836 4181 maiestatis
859 4116 1003 4198 imperio
1030 4136 1122 4180 nunc
1148 4125 1184 4183 et
1207 4118 1244 4180 in
