2888 4890
189 345 256 410 294
449 361 621 410 susurru
642 357 989 410 arenosaxomoaa.

663 613 779 680 MGL.

543 762 812 842 EADMUND‚
833 762 910 828 944.

258 916 297 996 ›1‹
321 915 527 979 Raonartru
553 915 797 996 inperpetuum
824 911 964 978 domino
989 918 1110 977 nostro
1143 910 1259 976 Ihesn·

198 1014 356 1081 Christo!
386 1013 582 1096 Aegregins
600 1014 761 1096 agonista
776 1013 1024 1078 sermocinatus
1039 1018 1093 1076 est
1107 1012 1146 1075 in
1160 1011 1252 1075 dini-

194 1116 248 1178 nis
263 1115 454 1197 soripturiS,
472 1113 620 1177 ‘Omnia
635 1133 725 1197 qnae
747 1113 909 1178 uidentur
933 1111 1139 1195 temporalia
1155 1118 1254 1191 sunt,

196 1234 285 1298 quae
310 1221 426 1279 autem
454 1234 521 1279 non
551 1213 715 1278 uidentur
742 1212 906 1278 aeterna?
965 1211 1097 1277 Iocirco
1133 1230 1253 1294 snper-

197 1315 268 1379 flua
294 1314 471 1379 utentibus
500 1313 636 1378 diuinus
673 1333 786 1379 sermo
824 1321 864 1379 ut
886 1313 1105 1395 suprataxati
1132 1330 1254 1376 sumus

198 1415 398 1480 terribiliter
424 1421 636 1497 praemonet,
663 1422 703 1479 ut
728 1413 831 1479 huius
859 1412 987 1479 saeculi
1013 1412 1146 1477 caduca
1170 1431 1254 1478 con-

198 1522 414 1598 tempnentes
448 1515 686 1598 spiritaliaque
718 1516 892 1579 imitantes
926 1512 1090 1579 coelestia
1128 1533 1254 1596 prope-

198 1634 313 1679 remus
340 1615 384 1679 ad
413 1635 531 1697 regna.
597 1614 820 1698 Quapropter
846 1634 912 1697 ego
929 1612 1155 1679 Eadmundus
1191 1632 1254 1676 rex

199 1713 394 1796 Anglorum
411 1723 693 1798 caeterarumque
715 1715 870 1797 gentium
893 1715 929 1778 in
954 1714 1100 1778 circuita
1125 1713 1253 1798 persis·

200 1817 345 1881 tentium
373 1816 584 1898 gubernator
608 1823 643 1879 et
668 1823 793 1893 rector,
809 1815 952 1880 cuidam
969 1814 1062 1878 fideli
1085 1834 1163 1879 meo
1190 1814 1255 1878 mi·

200 1917 310 1980 nistro
336 1916 491 1980 uocitato
509 1915 646 1981 nomine
661 1916 853 1998 AElfheago
874 1914 911 1979 in
933 1922 1111 1979 aeternam
1133 1914 1254 1978 haere-

200 2017 343 2081 ditatem
359 2015 516 2080 hilariter
528 2017 757 2099 inpenderem.
770 2033 818 2080 vr.
831 2034 971 2080 mansas
984 2015 1128 2098 agelluli
1141 2015 1179 2079 in
1194 2015 1255 2080 illo

202 2117 278 2182 loeo
291 2117 381 2199 [nbi]
391 2117 566 2198 uulgares,
578 2118 691 2199 prisco
702 2135 796 2181 more
807 2115 993 2198 mobilique
1007 2115 1188 2192 relatione,
1197 2135 1257 2180 uo·

202 2219 311 2281 citant
328 2224 375 2281 aet
391 2217 566 2293 Linforda,
584 2217 699 2282 utillo
718 2218 803 2281 bene
820 2217 1018 2300 perfruatur
1033 2235 1076 2280 ac
1093 2222 1255 2299 perpetu·

203 2317 304 2381 aliter
328 2317 503 2400 possideat
526 2317 690 2400 quamdin
706 2318 824 2395 uiuat3
847 2325 882 2382 et
905 2324 984 2400 post
999 2337 1037 2381 se
1052 2317 1257 2400 cuicumque

203 2417 352 2482 uoluerit
382 2416 520 2481 haeredi
548 2417 774 2499 derelinquat,
808 2436 870 2481 ceu
898 2418 1183 2500 -supradiximum
1220 2417 1257 2482 iu

204 2525 379 2581 aeternam
409 2517 667 2582 haereditatem.
719 2517 774 2582 Sit
802 2525 918 2582 antem
945 2517 1123 2600 praedicta
1152 2525 1257 2594 terra,

205 2637 283 2681 cnm
302 2618 459 2682 omnibns
482 2618 526 2680 ad
546 2618 667 2681 serite
691 2618 954 2699 pertinentibus
976 2616 1096 2695 libera,
1114 2619 1257 2701 eampis,

205 2719 358 2800 pascuis,
383 2719 503 2799 pratis,
531 2717 640 2794 siluis,
668 2719 824 2801 exceptis
852 2719 930 2783 istis
960 2717 1080 2796 tribus,
1112 2719 1256 2802 expedia

205 2819 311 2895 tione,
337 2819 453 2901 pontis
483 2818 616 2881 arcisue
650 2817 914 2882 constructione.
987 2818 1024 2881 Si
1054 2819 1132 2902 quis
1163 2838 1258 2896 uero,

206 2919 298 3000 quod
327 2937 396 2982 non
425 2924 598 2999 optamus,
638 2925 759 3013 contra
795 2926 950 2982 nostrum
985 2917 1050 2982 hoe
1084 2918 1259 2983 decretum

207 3018 394 3082 machinari
409 3018 464 3081 uel
479 3016 665 3099 infringere
680 3018 809 3101 aliquid
826 3019 985 3096 uoluerit,
995 3019 1085 3082 sciat
1100 3038 1138 3082 se
1153 3021 1259 3084 ratio·

208 3138 284 3182 nem
308 3118 461 3200 grauiter
483 3118 693 3181 redditurum
717 3119 752 3183 in
776 3118 831 3182 die
858 3119 976 3182 indicii
1001 3124 1081 3182 ante
1106 3120 1260 3184 tribunal

209 3219 338 3283 domini
354 3219 465 3282 nostri
482 3217 744 3296 Ihesutlhristi,
760 3219 825 3282 nisi
840 3220 935 3300 prius
955 3218 1009 3282 bic
1025 3219 1130 3299 digna
1146 3240 1262 3284 emen·

208 3318 344 3382 dauerit
385 3318 597 3399 poenitentia
639 3327 719 3382 ante
756 3326 913 3384 mortem.
983 3318 1068 3383 Istis
1106 3321 1261 3385 terminis

208 3419 387 3500 praedicta
414 3424 508 3481 terra
534 3418 787 3500 circumgyrato
813 3437 888 3482 esse
911 3419 1061 3485 uidetur.
1112 3421 1177 3484 Dis
1192 3421 1262 3486 sint

206 3516 251 3581 ba
264 3506 500 3599 landgema‘ero
517 3508 556 3582 to
572 3517 755 3593 Linforda;
778 3520 937 3582 betweox
955 3519 1089 3584 Eecene
1106 3521 1173 3584 and
1189 3521 1262 3586 cil-

209 3618 244 3682 la
263 3608 350 3683 riba.
403 3616 495 3681 Acta
517 3625 570 3683 est
590 3617 676 3682 haec
692 3618 835 3684 donatio
858 3618 1016 3701 praefata
1035 3639 1125 3685 anno
1144 3623 1189 3687 ab
1211 3623 1265 3687 in-

209 3718 406 3782 carnatione
434 3717 561 3782 domini
587 3719 696 3782 nostri
724 3718 829 3783 lhesu
855 3718 984 3784 Christi
1003 3737 1263 3789 ,neceam-111.

207 3817 393 3882 indictione
411 3832 460 3879 .11.

265 3918 304 3998 ›1‹
326 3917 403 3998 Ego
416 3915 640 3999 Eadmundus
655 3938 718 3982 rex
738 3917 930 4001 Anglorum
945 3920 1136 4001 praefatam
1154 3923 1265 3988 dona·

209 4017 336 4080 tionem
364 4036 442 4080 cnm
473 4016 588 4099 sigillo
622 4025 763 4083 sanctae
791 4019 902 4084 erucis
932 4020 1144 4087 confirmaui.
1218 4029 1260 4108 '1⁴

212 4114 287 4197 Ego
306 4117 441 4195 Eadred
459 4116 609 4182 eiusdem
629 4119 720 4201 regis
736 4119 843 4185 frater
859 4121 1076 4204 consignari.
1126 4126 1165 4205 ›1‹
1186 4123 1265 4208 Ego
