2888 4890
431 394 605 441 curarim
628 393 971 442 Auenosnxourcnn.
1080 417 1082 422 -
1155 373 1221 440 247

163 547 409 612 circumdatam
428 547 481 614 his
500 551 670 630 terminis;
696 553 740 615 ab
753 549 1170 627 oriente'Eadredesland3
1196 567 1219 613 a

163 649 303 712 meridie
328 650 468 731 publica
492 660 623 730 strata;
649 653 694 716 ab
708 652 885 718 occidente
901 648 1191 717 Brihtelmesland
1207 670 1216 728 3

164 749 208 811 ab
226 749 387 832 aquilone
403 750 624 834 Cingesland.

215 848 318 914 Hanc
341 850 560 916 donationem
584 872 649 935 ego
667 853 892 918 AEitelstanus
915 872 977 916 rex
1000 872 1078 916 cum
1101 849 1216 931 sigillo

163 957 305 1015 sanctae
327 952 438 1016 crucis
461 953 674 1017 confirmaui.
731 958 770 1036 ›1‹
792 954 869 1035 Ego
889 953 1069 1017 Wlfelmus
1091 949 1215 1020 confir·

163 1051 266 1113 maui.
351 1054 390 1135 ›1‹
418 1053 494 1135 Ego
520 1053 720 1118 Teudredus
754 1053 1004 1118 Lundoniensis
1036 1051 1217 1135 episcopus

162 1151 363 1234 subscripsi.
420 1155 460 1236 ›1‹
482 1154 559 1235 Ego
576 1154 736 1236 AElfegus
751 1154 1000 1220 wintoniensis
1017 1151 1216 1235 subscripsi.

167 1252 206 1333 ›1‹
229 1252 306 1334 Ego
322 1252 400 1317 Od0
423 1253 679 1345 scirburnensis
700 1256 902 1339 subscripsi.
971 1257 1011 1334 ›1‹
1031 1253 1108 1336 Ego
1127 1251 1215 1316 Cen·

162 1351 295 1417 waldus
308 1353 491 1438 episcopus
504 1356 703 1439 subscripsi.
1138 1348 1142 1353 ’

585 1653 792 1719 ucxxu

525 1772 838 1872 *merismu

155 1992 158 1998 -
218 1954 258 2035 ›1‹
278 1953 324 2018 ΙΝ
351 1954 488 2018 nomine
514 1955 642 2019 domini
668 1957 779 2020 nostri
803 1954 908 2020 Ihesu
926 1954 1074 2021 Christi!
1138 1956 1214 2038 Ego

164 2053 390 2119 AE'aelstauus
400 2075 462 2119 rex
476 2056 520 2120 do
535 2057 839 2123 sanctoCuitberto
851 2057 942 2120 hunc
956 2063 1092 2120 textum
1110 2076 1214 2120 euan-

162 2148 341 2236 geliorum,
352 2150 422 2221 du'o
434 2157 594 2234 scasulas,
607 2164 643 2221 et
660 2178 765 2222 unam
780 2157 906 2235 albam,
920 2164 954 2221 et
970 2177 1072 2221 unam
1088 2157 1213 2222 stolam

161 2274 240 2320 cum
266 2257 455 2340 manipulo,
483 2262 528 2323 et'
545 2276 651 2323 unum
691 2258 879 2341 cingulum,
908 2267 943 2322 et
981 2264 1051 2343 tres
1093 2258 1213 2323 altaris

161 2359 428 2440 cooperimenta,
458 2365 495 2423 et
518 2378 626 2423 unum
661 2358 805 2425 calicem
827 2366 1041 2441 argenteum,
1069 2366 1104 2423 et
1126 2360 1213 2423 duas

161 2464 313 2539 pateras,
330 2458 476 2523 alteram
498 2479 584 2524 auro
605 2468 776 2542 paratam,
794 2460 940 2525 alteram
958 2459 1095 2524 Graeco
1110 2479 1213 2542 opere

160 2557 394 2636 fabrefactam,
414 2567 449 2624 et
463 2579 570 2624 unum
595 2558 808 2625 thuribulum
822 2567 1036 2642 argenteum,
1054 2567 1089 2624 et
1106 2579 1211 2625 unam

161 2679 298 2724 erucem
326 2679 412 2726 auro
443 2667 480 2725 et
505 2661 607 2725 ebore
635 2660 819 2726 artificiose
844 2668 1014 2743 paratam,
1038 2667 1075 2725 et
1104 2681 1211 2726 unum

161 2760 292 2842 regium
308 2761 452 2844 pallium
480 2780 565 2826 auro
591 2771 739 2840 textum,
755 2769 790 2826 et
809 2761 896 2825 duas
913 2761 1051 2826 tabulas
1070 2780 1154 2826 auro
1177 2773 1213 2829 et

158 2869 304 2943 argento
329 2861 546 2940 fabrefactas
563 2869 599 2927 et
613 2863 681 2927 duo
700 2862 907 2928 'candelabra
935 2869 1101 2944 argentea
1125 2881 1210 2928 auro

159 2970 292 3043 parata,
326 2970 361 3026 et
397 2982 503 3027 unum
531 2963 727 3040 missalem,
755 2971 791 3028 et
828 2962 916 3026 duos
953 2942 1224 3045 euangeliorum'

159 3069 279 3128 textus
304 3083 389 3127 auro
407 3072 448 3127 ,et
476 3070 622 3144 argento
643 3071 797 3141 ornatos
814 3072 850 3128 et
867 3082 969 3126 unam
989 3062 1102 3129 sancti
1120 3062 1211 3130 Cu’&

158 3164 247 3227 berti
272 3163 382 3228 uitam
410 3164 550 3227 metrice
570 3173 605 3229 et
630 3166 786 3247 prosaice
813 3165 989 3246 scriptam,
1015 3170 1050 3227 et
1077 3171 1208 3247 septem

158 3264 277 3346 pallia,
294 3272 329 3328 et
346 3272 416 3329 tres
435 3265 599 3342 cortinas,
614 3274 649 3330 et
669 3267 739 3330 tria
760 3266 902 3348 tapetia,
919 3271 953 3329 et
967 3265 1054 3328 duas
1080 3284 1210 3348 coppas

158 3373 340 3447 argenteas
361 3383 440 3428 cum
464 3366 689 3449 cooperculis,
710 3373 745 3431 et
768 3373 917 3449 quatuor
943 3384 1089 3447 magnas
1114 3384 1208 3429 cam-

156 3485 279 3548 panaS,
301 3474 336 3530 et
357 3464 425 3529 tria
447 3484 577 3529 cornua
603 3485 688 3530 auro
717 3474 752 3530 et
780 3472 923 3546 argento
953 3464 1155 3544 fabrefacta,
1173 3475 1208 3531 et

156 3561 224 3631 duo
241 3565 386 3643 uexilla,
416 3572 451 3630 et
479 3586 583 3630 unam
609 3567 777 3644 lanceam,
796 3576 831 3631 et
856 3566 942 3630 duas
967 3564 1119 3629 armillas
1145 3587 1208 3631 au·

150 3686 245 3744 reaS,
263 3674 299 3732 et
315 3686 427 3731 meam
451 3664 571 3730 uillam
600 3666 762 3732 dilectam
782 3666 993 3750 Wyremuite
1019 3666 1206 3730 australem

151 3788 231 3832 cum
242 3768 314 3832 suis
324 3767 577 3851 appendentiis,
592 3768 626 3831 id
642 3775 694 3832 est
706 3768 867 3844 Wertun,
880 3766 1056 3843 Uffentun,
1071 3766 1207 3849 Sylces-

155 3874 286 3952 wyr'de,
303 3867 391 3933 duas
407 3868 702 3952 Weothehoppas,
730 3868 902 3952 Byrdene,
920 3867 1058 3942 Sebam,
1085 3865 1207 3946 Setun,

152 3970 301 4046 -Daltuu,
328 3969 508 4047 Daldene„
524 3969 733 4034 Heseldene.
772 4053 777 4061 .
799 3967 900 4032 Haec
924 3968 1039 4030 omnia
1066 3965 1111 4030 do
1141 3969 1206 4045 sub

153 4070 208 4138 dei
236 4078 273 4135 et
301 4071 412 4135 sancti
435 4068 598 4135 cudberti
636 4070 850 4143 testimoni03
885 4075 925 4131 ut
956 4068 986 4130 si
1019 4067 1096 4149 quis
1128 4068 1207 4132 inde

152 4173 284 4256 aliquid
317 4171 511 4250 abstulerit,
541 4172 723 4236 damnetur
748 4172 783 4235 in
807 4170 862 4234 die
888 4169 1003 4233 iudicii
1027 4168 1208 4256 cuquda
