2888 4890
461 377 634 426 cnnnrnn
656 377 1004 427 nnonosnxonrcnu.
1190 364 1257 428 327

256 527 296 608 »14
317 527 394 610 Ego
410 529 488 593 Oda
502 529 781 613 archiepiscopus
809 534 968 597 consensi
993 541 1029 598 et
1053 534 1253 617 subscripsi.

205 625 245 706 »14
271 626 349 708 Ego
375 628 553 692 Wulfstan
585 630 863 712 archiepiscopus
902 635 1060 697 consensi
1099 640 1135 698 et
1172 636 1253 698 sub·

200 725 332 806 scripsi.
400 729 536 809 »14Εςο
554 728 688 791 AElfred
714 731 897 813 episcopus
926 733 1083 796 consensi
1109 739 1145 797 et
1171 734 1252 797 sub·

200 824 334 906 scripsi.
416 828 456 907 »14
478 827 555 908 Ego
573 828 721 910 AElssige
747 830 930 911 episcopus
945 831 1103 896 consensi
1118 840 1153 895 et
1169 833 1252 895 sub-

200 924 334 1004 scripsi.
384 927 422 1007 »14
462 926 540 1006 Ego
570 925 743 1008 Wulfsige
787 929 970 1011 episcopus
1014 930 1173 995 consensi
1216 936 1252 994 et

200 1022 399 1105 subscripsi.
467 1027 506 1106 »14
534 1025 610 1105 Ego
626 1024 791 1089 AElfwold
821 1028 1004 1110 episcopus
1036 1029 1194 1092 consensi
1216 1035 1252 1093 et

200 1122 399 1205 subscripsi.
456 1126 495 1205 »14
516 1123 592 1205 Ego
609 1123 715 1187 Osulf
732 1125 915 1208 episcopus
937 1128 1092 1190 consensi
1115 1135 1151 1192 et
1169 1128 1251 1190 sub-

199 1221 332 1302 scripsi.
404 1223 442 1303 »14
484 1222 561 1303 Ego
596 1223 753 1304 Byrtelm
796 1225 981 1307 episcopus
1022 1226 1181 1290 consensi
1214 1233 1249 1289 et

198 1318 395 1401 subscripsi.
478 1322 517 1401 »14
551 1321 628 1403 Ego
656 1320 843 1387 Coenwold
876 1325 1059 1406 episcopus
1089 1325 1249 1388 consensi

197 1425 233 1480 et
266 1419 466 1504 subscripsi.
523 1422 563 1501 »14
593 1420 670 1501 Ego
698 1420 849 1503 Gynsige
879 1425 1063 1505 episcopus
1091 1425 1249 1487 consensi

197 1521 234 1578 et
271 1517 471 1599 subscripsi.
551 1521 590 1600 »14
631 1519 708 1601 Ego
736 1519 912 1585 Leofwine
949 1524 1132 1604 episcopus
1167 1542 1248 1586 con·

199 1615 291 1677 sensi
306 1623 341 1679 et
356 1618 552 1699 subscripsi.
610 1620 649 1699 »14
682 1618 759 1700 Ego
775 1618 955 1684 AEbelstan
977 1621 1061 1686 dux.
1118 1623 1157 1702 »14
1173 1620 1249 1700 Ego

199 1712 380 1778 Eadmund
405 1717 489 1781 dux.
560 1717 695 1799 »14Εςο
714 1718 863 1799 AElfsige
889 1721 1055 1785 minister.
1112 1722 1151 1801 »14
1172 1720 1248 1801 Ego

198 1811 342 1877 AElfnoe
371 1815 536 1881 minister.
604 1819 643 1898 »14
667 1817 743 1898 Ego
758 1818 930 1899 Byrhfer’e
960 1821 1125 1884 minister.
1204 1821 1243 1900 »14

197 1911 274 1993 Ego
292 1913 472 1996 AE’Selsige
494 1916 659 1979 minister.

622 2215 823 2281 Mcnxx.

561 2335 779 2440 eloneo,
803 2361 880 2427 955.

258 2506 296 2586 »14
331 2501 440 2567 Anno
479 2505 523 2567 ah
555 2503 792 2567 incarnatione
831 2502 960 2566 domini
997 2503 1108 2566 nostri
1139 2504 1244 2570 Ibesu

192 2603 323 2668 Christi
338 2618 533 2667 .ncocc.1.v.
579 2603 656 2684 Ego
675 2601 811 2666 Eadred
829 2601 947 2664 diuina
971 2602 1086 2682 gratia
1105 2602 1244 2670 fauente

192 2721 255 2766 rex
282 2711 318 2766 et
345 2701 582 2782 primicherius
610 2701 724 2765 tocius
752 2698 923 2775 Albionis,
949 2700 1039 2763 ruris
1070 2701 1243 2781 quandam

192 2800 398 2884 particulam
420 2800 473 2864 bis
491 2799 604 2883 quinis
629 2799 877 2864 mansiunculis
903 2799 1121 2863 aestimatam
1138 2819 1242 2881 quam

192 2899 355 2964 solicolae
380 2901 560 2963 nominant
577 2899 740 2976 Clearan,
760 2898 909 2979 AElfsige
926 2898 1088 2979 episcopo
1106 2898 1243 2964 Winto·

194 2999 322 3063 niensis
340 2998 540 3076 aecclesiae,
556 3000 601 3063 ob
617 2999 691 3062 eius
716 2996 864 3061 amabile
881 3005 917 3060 et
939 2996 1039 3060 fidele
1060 2999 1243 3081 obsequio-

193 3099 276 3175 lum,
294 3104 432 3180 praeter
445 3098 586 3180 triplum
604 3097 748 3161 liberum
766 3096 955 3172 seruitium,
973 3095 1039 3160 hoc
1058 3104 1124 3174 est,
1139 3100 1241 3176 arcis,

193 3197 322 3280 pontis,
355 3197 656 3278 expeditionisque
696 3195 912 3271 exercitium,
944 3203 1023 3277 post
1060 3214 1098 3259 se
1137 3197 1241 3261 trium

191 3296 311 3380 spacia
332 3293 519 3360 haeredum
541 3295 766 3360 libentissime
788 3293 953 3371 concedo,
971 3293 1146 3377 finitisque
1164 3296 1241 3360 illo-

192 3416 268 3460 rum
293 3395 484 3472 curriculis,
506 3393 666 3477 praefata
692 3400 785 3457 terra
813 3393 856 3455 ad
880 3392 977 3457 Petri
1004 3394 1241 3474 apostolorum

191 3494 356 3578 principis
384 3494 504 3557 redeat
533 3492 664 3568 limina,
691 3492 751 3555 ubi
777 3492 1013 3574 praesulorum
1043 3492 1240 3556 subthroni-

191 3603 291 3659 zatur
306 3591 483 3669 cathedra,
499 3591 534 3655 ni
551 3599 631 3673 post
650 3590 812 3655 uoluntas
832 3589 984 3654 fraterna
1001 3588 1070 3652 illis
1093 3591 1171 3671 plus
1193 3593 1239 3655 sit

190 3699 432 3758 consentanea.
495 3690 533 3754 Si
558 3691 648 3773 quis,
666 3691 758 3799 guod
781 3690 882 3765 absit,
899 3696 1052 3769 tempore
1074 3689 1239 3771 episcopi,

190 3793 466 3875 posteriorumue
476 3807 725 3872 possessorum,
735 3787 916 3872 tyrannica
931 3785 1040 3849 fretus
1056 3793 1239 3869 potestate,

189 3893 333 3956 huiusce
360 3890 555 3954 donationis
589 3889 758 3954 cartulam
784 3892 1092 3968 praesumptuosus
1120 3886 1239 3950 infrin-

190 4012 272 4073 gere
302 3990 537 4071 temptauerit,
565 4009 680 4053 coram
712 3985 851 4050 Christo
879 3985 1106 4066 angelicoque
1137 3994 1239 4050 coetu

190 4090 321 4156 Christi
360 4097 631 4170 cunctorumque
670 4085 944 4149 Christianorum
994 4084 1238 4165 improperium
