2888 4890
189 367 257 433 268
452 384 624 434 cererin
646 383 995 434 nnonossxomcnn.

192 549 245 607 est
262 541 347 605 haec
363 542 522 625 praefata
535 542 678 609 donatio
696 562 787 608 anno
804 546 848 608 ab
859 545 1098 608 incarnatione
1116 545 1248 610 domini

194 659 393 707 mccccxn.
410 642 595 708 indictione
612 660 707 709 .x111.

249 744 287 825 »1⁴
332 742 409 824 Ego
447 743 672 807 Eadmnndus
711 763 774 807 rex
819 742 1012 826 Anglorum
1052 744 1247 827 praefatam

193 841 409 907 donationem
445 862 524 908 curn
561 844 677 926 sigillo
711 849 853 909 sanctae
887 845 999 909 crucis
1031 845 1246 927 consignaui.

199 945 238 1025 ›1‹
258 942 335 1024 Ego
353 942 490 1007 Eadred
507 944 658 1008 eiusdem
682 943 775 1025 regis
793 943 901 1008 frater
916 945 1132 1027 consignani.
1203 946 1242 1027 ›1‹

196 1041 272 1124 Ego
306 1043 500 1108 Wnlfhelm
538 1044 814 1108 Dorobernensis
854 1044 1042 1110 aecclesiae
1078 1044 1248 1128 archiepi-

194 1161 320 1225 scopus
336 1143 487 1208 einsdom
501 1145 593 1226 regis
605 1142 826 1218 don-ationem
842 1143 1057 1208 confirmaui.
1113 1147 1153 1227 »Β
1170 1145 1248 1226 Ego

197 1241 354 1308 Deodred
389 1243 644 1308 Lundoniensis
681 1242 869 1308 aecclesiae
910 1245 1091 1328 episcopus
1123 1244 1249 1309 confir·

195 1343 299 1408 mani.
379 1346 418 1426 ›1‹
452 1344 529 1426 Ego
564 1343 733 1409 AElfheah
770 1344 1021 1409 Wintaniensis
1060 1344 1249 1409 aecclesiae

195 1444 380 1526 episcopus
402 1444 618 1526 consignaui.
690 1446 729 1527 ›1‹
766 1444 843 1528 Ego
871 1443 1036 1510 Cenwald
1065 1445 1249 1528 episcopus

195 1543 410 1627 praedictum
427 1544 556 1608 donum
573 1545 744 1609 consensi.
801 1547 840 1627 ›1‹
872 1545 948 1628 Ego
970 1544 1047 1610 Odo
1065 1546 1249 1628 episcopus

119 1641 124 1656 '
195 1644 362 1707 consensi.
442 1646 481 1727 ›1‹
520 1644 680 1710 AElshere
718 1645 803 1710 dux.
885 1647 925 1728 ›1ae
959 1644 1123 1727 Wulfgar
1163 1646 1249 1711 dnx.

201 1746 240 1826 ›1‹
269 1744 464 1809 AElielwold
492 1744 576 1810 dux.
650 1748 689 1829 ›1‹
725 1742 931 1810 AEllelmnnd
962 1746 1129 1810 minister.
1204 1748 1255 1828 ιχ(

196 1842 331 1908 Uhtred
350 1845 517 1909 minister.
574 1849 613 1929 ›1‹
642 1845 744 1910 Odda
760 1846 927 1910 minister.
977 1847 1016 1928 ›1‹
1040 1845 1164 1910 AElfric
1185 1846 1250 1910 mi·

197 1944 315 2009 nister.
371 1947 410 2028 ›1‹
432 1944 615 2010 Eadmund
633 1946 799 2011 minister.
855 1949 895 2029 »Β
916 1945 1067 2010 Wulfsie
1084 1946 1250 2010 minister.

245 2042 376 2109 Rnbric.
421 2045 483 2109 Dis
506 2047 536 2111 is
555 2038 776 2112 Wudetfines
803 2038 870 2112 boc
899 2044 940 2110 he
961 2037 1144 2110 Eadmnnd
1170 2047 1251 2126 cing

196 2134 328 2209 boeode
344 2137 494 2211 Eadrice
520 2146 573 2210 his
593 2151 700 2232 hegne
724 2152 842 2234 precra
860 2166 995 2211 mannae
1015 2146 1095 2230 deg,
1110 2136 1189 2211 llam
1210 2144 1251 2210 te

198 2244 268 2308 him
286 2236 414 2311 leofost
430 2245 486 2311 nit
501 2246 601 2312 aester
616 2248 696 2315 him.

664 2423 785 2437 ...—

569 2549 899 2616 Mcxxxv111.1

543 2673 812 2780 ninneton,
837 2701 914 2767 941.

254 2853 294 2933 »Β
316 2848 424 2913 Anno
443 2848 635 2913 dominicae
659 2849 906 2915 incarnationis
926 2866 1136 2914 .ncccc.xn1.
1160 2851 1253 2917 Ead-

189 2950 347 3014 'mundus
375 2971 436 3013 rex
457 2956 492 3014 ct
509 2949 687 3013 Eadredus
716 2949 827 3040 frater
845 2953 918 3015 eius
946 2971 1076 3016 necnon
1100 2958 1135 3015 et
1160 2952 1252 3017 Ead-

201 3050 304 3115 uuins
321 3051 412 3114 filius
437 3050 587 3114 eiusdem
611 3050 808 3115 Eadmnndi
829 3052 921 3133 regis
938 3051 1158 3116 reddiderunt
1176 3072 1253 3117 aec-

201 3151 328 3215 clesiae
345 3149 474 3214 Christi
490 3150 525 3214 in
543 3151 773 3228 Dorobernia,
788 3152 824 3215 in
847 3152 985 3216 nomine
1008 3152 1158 3216 eiusdem
1181 3153 1251 3217 sal·

200 3251 332 3315 catoris
355 3250 464 3314 Ihesu
490 3251 633 3329 Christi,
665 3252 728 3315 has
761 3258 872 3316 terras
902 3271 990 3335 quas
1019 3260 1253 3318 antecessores

201 3369 317 3415 eorum
337 3370 359 3414 a
371 3350 548 3434 praedicta
563 3352 731 3416 aecclesia
747 3353 856 3416 seruis
876 3352 932 3416 dei
944 3352 1068 3416 ibidem
1082 3353 1118 3417 in
1133 3354 1253 3418 eadem

202 3451 370 3516 aecclesia
392 3450 456 3516 deo
477 3453 706 3516 seruientibus
728 3453 853 3517 iniuste
876 3452 1106 3517 abstulerant.
1151 3454 1253 3519 Haec

188 3560 319 3616 autem
347 3545 428 3615 sunt
452 3552 591 3616 nomina
611 3561 779 3617 terrarum
802 3573 890 3636 quas
908 3552 1038 3618 Christi
1065 3553 1253 3620 aecclesiae

203 3653 444 3718 reddiderunt:
495 3652 766 3730 Tuniccanham,
807 3653 1055 3732 Preostantnn,
1080 3654 1254 3736 Wingan-

203 3745 293 3831 ham,
312 3752 582 3836 Sunyrdlingan,
604 3753 811 3836 Bosingtun,
830 3753 1024 3831 Grauenea,
1046 3753 1252 3820 Uulacumb.

205 3854 305 3918 Haec
323 3852 468 3918 redditio
484 3854 578 3917 iacta
593 3860 646 3917 est
660 3873 701 3918 eo
718 3874 809 3918 anno
823 3873 892 3937 quo
904 3854 1128 3919 AEaelstanus
1145 3854 1255 3921 irater

203 3953 397 4018 Eadmnndi
410 3954 501 4035 regis
513 3959 548 4017 et
558 3954 707 4018 Eadredi
721 3961 878 4019 mortuus
890 3961 955 4030 est,
968 3955 1027 4037 qui
1042 3962 1157 4019 tamen
1171 3964 1254 4021 ante

189 4058 349 4118 'mortem
374 4073 472 4117 suam
495 4053 692 4136 praedictae
712 4055 900 4120 aecclesiae
916 4054 1046 4119 Christi
1067 4056 1135 4119 iarn
1156 4076 1255 4139 prae-

569 4173 575 4203 ¹
593 4173 682 4235 Comp.
695 4173 872 4224 Naccccv.
