2888 4890
445 371 618 419 enarrer
644 367 990 419 anonosrxonrcnn.
1200 355 1244 418 59

190 532 284 602 sunt,
312 534 348 589 et
367 526 512 590 Cenulso
538 527 612 608 regi
639 526 1107 609 occidentalium-Saxonum
1143 527 1242 590 detn-

190 626 320 700 lerunt;
346 627 470 702 atille,
489 625 661 707 accipiens
681 626 799 689 statim
817 627 1014 690 testimonia
1038 627 1242 704 litterarum,

191 726 405 809 praedictum
440 726 641 790 coenobium
674 745 753 789 cum
787 727 945 790 omnibus
978 726 1021 789 ad
1059 727 1142 789 illud
1178 727 1243 791 rite

191 826 441 907 pertinentibus
467 826 540 889 suis
571 825 690 888 usibus
719 826 909 907 coaptauit,
938 826 1105 907 neglectis
1143 846 1242 908 prae-

191 926 359 989 nominati
403 925 652 1006 archiepiscopi
697 924 864 989 Cultberti
911 926 1012 988 dictis
1058 933 1093 990 et
1129 927 1241 991 factis.

193 1022 295 1101 Item,
319 1025 523 1105 Bregwinus
549 1032 585 1088 et
602 1023 788 1088 lanbertus
814 1024 1063 1107 archiepiscopi
1087 1045 1150 1107 per
1174 1028 1244 1089 sin-

191 1124 292 1205 gulas
315 1124 467 1207 synodus
492 1141 586 1201 snas,
604 1125 717 1206 questi
742 1131 825 1188 sunt
846 1124 888 1187 de
905 1125 1030 1188 iniuria
1056 1126 1243 1190 aecclesiae

192 1223 377 1287 saluatoris
405 1224 523 1302 illata3
558 1230 593 1287 et
619 1223 710 1306 apud
733 1222 914 1287 Cenulfum
943 1243 1059 1306 regem
1078 1224 1243 1289 Occiden-

192 1323 523 1399 talium-Saxonum,
551 1329 587 1387 et
617 1323 709 1404 apud
736 1322 850 1387 Offam
882 1343 998 1405 regem
1033 1324 1243 1389 Merciorum

193 1423 252 1505 qui
268 1422 431 1486 uidelicet
449 1429 778 1504 saepememoratum
799 1423 1002 1487 coenobium
1020 1423 1191 1488 Coccham
1207 1434 1243 1489 et

193 1521 279 1586 alias
307 1524 408 1608 urbes
439 1522 709 1604 quamplurimas
737 1522 882 1587 Cenulfo
913 1543 994 1605 rege
1021 1524 1176 1602 abstulit,
1207 1534 1242 1589 et

193 1622 336 1704 imperio
350 1622 559 1685 Merciorum
573 1623 721 1703 subegit.
745 1622 899 1685 Tandem
915 1621 1080 1686 Cenulfus
1091 1644 1154 1687 rex
1166 1643 1244 1689 sera

194 1721 319 1785 ductus
338 1723 562 1804 poenitentia,
580 1721 813 1803 telligraphia,
831 1722 864 1786 id
883 1731 947 1798 est,
964 1723 1099 1787 libellos
1118 1744 1205 1806 quos
1222 1744 1244 1788 a

195 1821 402 1903 supradictis
426 1820 619 1884 hominibus
636 1820 781 1885 Daeiheh
804 1830 839 1886 et
857 1821 1005 1885 Osberto
1021 1823 1148 1887 iniuste
1168 1844 1246 1906 per-

195 1928 344 2003 ceperat,
373 1941 451 1985 cum
478 1940 604 2002 magna
641 1923 800 2003 pecunia,
828 1922 1013 1986 aecclesiae
1050 1922 1180 1987 Christi
1207 1925 1245 1987 in

195 2021 445 2085 Doroberniam
463 2021 605 2096 remisit,
623 2019 813 2085 humillime
834 2041 960 2102 rogans
984 2041 1026 2084 ne
1046 2024 1110 2085 sub
1127 2029 1245 2087 tantae

195 2120 416 2185 authoritatis
454 2121 672 2184 anathemate
705 2121 969 2203 periclitaretur.
1028 2121 1153 2185 Uerum
1181 2143 1243 2187 rex

196 2220 275 2284 Offa
298 2227 607 2303 praememoratum
631 2221 833 2285 coenobium
852 2220 1037 2297 Cocoham,
1060 2222 1150 2285 sicut
1170 2223 1244 2286 sine

194 2320 318 2384 litteris
341 2321 485 2401 accepit,
499 2320 551 2382 ita
568 2327 698 2403 quanto
726 2326 879 2402 tempore
902 2321 1005 2396 uixit,
1022 2320 1182 2398 detinuit,
1209 2331 1244 2387 et

196 2420 326 2502 absque
350 2420 542 2483 litterarum
567 2420 763 2484 testimonio
788 2421 861 2482 suis
883 2426 963 2501 post
983 2440 1020 2483 se
1040 2420 1244 2484 haeredibus

195 2519 343 2600 reliquit.
395 2519 553 2582 Secundo
571 2525 685 2582 autem
708 2537 799 2582 anno
817 2520 915 2601 regni
933 2519 1067 2583 Cenulfi
1083 2520 1176 2583 facta
1192 2530 1245 2586 est

195 2619 346 2700 synodus
370 2618 461 2682 siout
482 2637 589 2700 supra
610 2626 664 2681 est
679 2618 909 2699 praelibatum
935 2618 1025 2700 apud
1045 2618 1243 2700 Glouesh0;

196 2725 234 2781 at
257 2737 323 2799 ego
340 2717 574 2782 AE'6elhardns
603 2718 718 2798 gratia
747 2717 803 2780 dei
829 2718 1102 2782 Dorobernensis
1135 2720 1246 2783 archi-

195 2818 388 2899 episcopuS,
405 2825 441 2880 et
463 2817 562 2881 Cuba
587 2817 825 2899 primicherius
851 2837 995 2894 mecum,
1014 2818 1165 2882 etmulti
1186 2820 1246 2883 alii

195 2936 240 2980 ex
268 2917 330 2981 illa
363 2916 531 2980 aecclesia
561 2916 690 2980 Christi
722 2916 905 2998 sapientes
934 2904 1070 2982 libellos
1100 2919 1247 2999 praelati

196 3017 351 3081 coenobii
377 3015 561 3092 Coccham,
589 3017 625 3078 in
654 3016 834 3079 concilium
862 3016 1067 3096 detulimus;
1092 3007 1246 3100 'cumque

196 3136 312 3181 coram
339 3116 471 3198 synodo
505 3116 616 3180 relicti
643 3115 799 3192 fuissent,
831 3107 983 3180 omniurn
1016 3137 1102 3181 uoce
1131 3117 1247 3182 decre-

196 3223 270 3280 tum
300 3222 354 3279 est
380 3216 509 3279 iustum
534 3235 610 3279 esse
641 3222 681 3279 ut
708 3216 906 3298 metropolis
934 3217 1101 3280 aecclesia
1128 3236 1247 3301 saepe-

195 3316 389 3398 praefatum
406 3316 607 3380 coenobium
626 3315 928 3393 Coccham,.cuius
946 3316 1186 3398 inscriptiones
1209 3320 1245 3382 in

196 3436 262 3482 suo
285 3416 416 3499 gremio
438 3414 598 3492 habebat,
622 3415 823 3497 perciperet,
846 3436 915 3498 quo
940 3418 1004 3479 sub
1031 3424 1129 3481 tanto
1159 3427 1246 3481 tem-

195 3536 279 3598 pore
296 3526 367 3580 tam
384 3516 509 3579 iniuste
525 3516 674 3597 spoliata
690 3514 813 3580 suerat.
865 3515 964 3580 Tunc
983 3524 1098 3581 autem
1115 3517 1247 3599 placuit

197 3617 279 3680 mihi
310 3616 523 3680 AE'6elhardo
554 3615 609 3678 dei
637 3616 752 3695 gratia
782 3614 1048 3680 archisacerdoti
1077 3626 1112 3680 et
1135 3616 1248 3699 Cyne-

195 3720 328 3799 annae
345 3716 540 3779 abbatissae
557 3734 645 3797 quae
660 3715 779 3779 eodem
794 3722 948 3798 tempore
959 3717 1154 3797 saepedicto
1168 3736 1246 3781 coe-

196 3817 300 3881 nobio
339 3815 500 3898 praefuit,
537 3835 578 3878 ac
618 3816 810 3880 senioribus
850 3836 893 3878 ex
932 3815 1094 3880 utralibet
1136 3825 1245 3898 parte,

197 3916 324 3983 Cantia
351 3915 484 3979 scilicet
509 3921 543 3978 et
567 3915 769 3991 Bedeforde,
793 3915 836 3978 ad
864 3916 929 3979 hoc
953 3915 1078 3978 ibidem
1102 3935 1246 3996 congre-

197 4017 299 4100 gatis,
335 4023 505 4097 quatenus
541 4015 618 4096 ipsa
647 4014 843 4098 Cynebri'da
876 4016 912 4078 in
945 4014 1085 4096 regione
1121 4014 1248 4081 Cantia

197 4118 295 4181 daret
311 4116 395 4180 mihi
415 4135 478 4197 pro
501 4116 769 4180 commutatione
790 4115 1058 4197 saepe-praefati
1078 4118 1246 4193 coenobii,
