2888 4890
190 348 256 413 202
450 362 623 411 cureris
648 362 998 413 succosuxourcuu.

194 521 370 604 praeditus
400 540 463 584 rex
495 519 597 583 huius
641 519 861 602 syngraphae
899 518 1135 585 fulcimentum
1167 540 1246 585 cum

193 622 293 703 siguo
309 627 449 684 sanctae
464 620 574 685 crucis
595 619 825 685 corroborani.
882 621 922 701 ›1‹
943 619 1019 701 Ego
1039 620 1247 686 Wulfelmns

193 720 470 786 Doroberueusis
501 718 689 783 aecclesiae
717 718 994 801 archiepiscopus
1023 721 1182 785 consensi
1211 729 1247 786 et

193 819 391 903 subscripsi.
442 823 481 902 »ιι
493 820 570 903 Ego
582 817 804 883 Wnlfstauus
818 818 1044 884 Eboracensis
1057 821 1247 885 aecclesiae

193 919 470 1004 archiepiscopus
495 919 653 984 consensi
678 926 714 983 et
736 918 934 1001 subscripsi.
990 922 1030 1002 ›1‹
1053 921 1129 1002 Ego
1151 920 1246 983 AEls-

195 1021 284 1085 wine
298 1021 481 1104 episcopus
495 1019 668 1102 adquieui.
724 1021 763 1100 ›1‹
775 1019 852 1100 Ego
867 1018 1051 1100 Byrnstau.
1061 1021 1247 1103 episcopus

192 1121 349 1185 consensi
381 1128 417 1185 et
446 1118 643 1201 subscripsi.
708 1118 846 1200 ›14Ego
875 1117 1028 1200 Sighelm
1061 1121 1246 1203 episcopus

192 1221 350 1285 consensi
379 1229 414 1285 et
441 1220 641 1302 subscripsi.
696 1220 736 1300 ›1‹
766 1218 842 1300 Ego
869 1218 1034 1284 cenwald
1060 1221 1247 1303 episcopus

194 1321 352 1385 consensi
368 1328 404 1386 et
416 1319 615 1402 subscripsi.
673 1321 712 1400 ›1‹
727 1318 803 1400 Ego
819 1318 951 1382 Eadulf
960 1318 1144 1403 episcopus
1160 1340 1245 1384 con-

193 1422 285 1484 sensi
302 1428 337 1485 et
354 1420 549 1503 subscripsi.
606 1421 645 1500 ›1‹
667 1418 744 1500 Ego
765 1418 933 1483 AElfheah
956 1421 1140 1504 episcopus
1162 1439 1246 1485 cou-

193 1521 286 1585 sensi
307 1528 343 1585 et
364 1521 564 1602 subscripsi.
621 1521 660 1600 ›1‹
680 1519 758 1600 Ego
781 1518 861 1583 oda
882 1520 1065 1603 episcopus
1087 1520 1248 1585 consensi

194 1628 230 1684 et
247 1620 444 1703 subscripsi.
501 1623 540 1702 »χι
564 1619 640 1701 Ego
660 1618 785 1682 AElfric
808 1619 915 1682 abbas
937 1621 1095 1685 consensi
1112 1627 1148 1685 et
1165 1622 1249 1684 sub·

195 1720 329 1802 scripsi.
379 1723 418 1802 ›1‹
434 1720 510 1802 Ego
526 1719 692 1784 Eadwine
708 1719 816 1783 abbas
831 1721 988 1784 consensi
1000 1727 1036 1784 et
1043 1721 1247 1804 subscripsi.

199 1822 239 1903 ›1‹
262 1820 339 1902 Ego
367 1819 537 1903 Byrhsige
563 1821 671 1884 abbas
697 1818 857 1883 consensi
884 1827 919 1884 et
945 1821 1144 1904 subscripsi.
1202 1824 1242 1904 ›1‹

196 1919 271 2001 Ego
300 1919 425 1984 Osfcr'u
452 1920 524 1984 dux
554 1919 754 2002 subscripsi.
811 1921 850 2000 ›1‹
873 1920 951 2001 Ego
978 1919 1144 1986 AEllwold
1172 1922 1247 1985 dux
1326 1907 1333 1918 ’

194 2020 352 2085 consensi
368 2027 404 2084 et
418 2019 616 2102 subscripsi.
674 2022 712 2103 ›1‹
735 2018 811 2100 Ego
832 2019 982 2084 Ealdred
1001 2019 1073 2085 dux
1088 2023 1247 2086 consensi

194 2127 230 2184 et
268 2121 467 2203 subscripsi.
537 2119 674 2202 ›14Ego
704 2118 882 2183 AEscbriht
918 2119 991 2184 dux
1022 2121 1181 2186 consensi
1213 2129 1248 2186 et

195 2221 394 2304 subscripsi.
451 2222 491 2302 ›1‹
514 2221 590 2301 Ego
622 2218 775 2283 AElfstan
805 2219 876 2284 dux
909 2221 1067 2285 consensi
1100 2229 1136 2286 et
1167 2223 1248 2285 sub·

194 2321 329 2403 scripsi.
386 2322 424 2401 ›1‹
448 2321 524 2402 Ego
544 2318 622 2383 Oda
643 2319 798 2383 minister
819 2321 976 2384 consensi
993 2327 1029 2385 et
1046 2322 1246 2405 subscripsi.

201 2422 240 2502 ›1‹
261 2421 337 2502 Ego
360 2420 504 2484 AElllreh
527 2421 683 2483 minister
708 2420 867 2484 consensi
889 2428 925 2485 ct
947 2421 1145 2503 subscripsi.
1204 2425 1243 2505 ›1‹

195 2521 273 2602 Ego
303 2521 488 2585 AE’Selstan
516 2520 671 2584 minister
697 2520 855 2584 consensi
885 2526 921 2584 et
946 2521 1146 2604 subscripsi.
1203 2525 1243 2605 ›1‹

197 2620 274 2702 Ego
298 2620 423 2686 AElfric
443 2621 599 2686 minister
619 2620 779 2685 consensi
800 2631 835 2684 ct
855 2621 1052 2704 subscripsi.
1110 2625 1149 2704 ›1‹
1171 2623 1249 2704 Ego

198 2720 323 2785 Eadric
360 2721 517 2786 minister
555 2720 714 2785 consensi
747 2727 782 2783 et
814 2721 1014 2804 subscripsi.
1093 2725 1132 2806 »χε
1171 2723 1249 2806 Ego

197 2820 428 2888 Godesscealc
442 2821 603 2885 sacerdos
617 2820 784 2885 minister.
1099 2822 1101 2826 ”

665 3080 785 3183 Meu.

498 3321 502 3326 .
528 3233 822 3345 monusrin,
844 3266 920 3333 931.

200 3464 203 3469 .
252 3415 656 3507 ›14Fuun1mllortiter
683 3415 887 3482 detestanda
912 3417 1096 3483 totillautis
1120 3422 1252 3486 saeculi

197 3517 346 3600 piacula,
364 3517 446 3581 diris
464 3519 655 3582 obscoenae
673 3515 933 3601 horrendaeque
949 3518 1173 3584 mortalitatis
1187 3523 1256 3586 cir-

198 3625 377 3701 cumsepta
404 3617 601 3694 latratibus,
625 3636 696 3681 nou
729 3637 794 3682 nos
822 3619 936 3701 patria
969 3619 1133 3702 indeptae
1158 3624 1256 3704 pacis

198 3738 350 3794 securos,
375 3717 436 3783 sed
461 3717 562 3800 quasi
586 3715 736 3781 foetidae
760 3719 976 3802 corruptelae
997 3719 1034 3784 in
1055 3723 1255 3804 uoraginem

199 3838 354 3895 casuros,
387 3817 609 3902 prouocaudo
642 3828 842 3884 ammonent
874 3827 915 3884 nt
946 3838 989 3883 ea
1019 3828 1095 3886 toto
1126 3825 1255 3889 mentis

198 3920 377 3983 conamine
407 3939 486 3983 cum
512 3917 649 3983 casibus
677 3919 761 3997 suis,
790 3940 856 3985 nou
889 3922 1001 3985 solum
1033 3921 1256 4005 despiciendo

198 4018 258 4082 sed
298 4020 401 4083 etiam
441 4019 538 4087 uelut
576 4017 792 4083 fastidiosam
831 4021 1056 4086 melancoliae
1095 4025 1256 4101 nausiam

198 4118 449 4184 abhominando
460 4119 644 4207 fugiamus,
662 4120 840 4186 tendentes
851 4121 894 4186 ad
906 4122 1254 4207 illudeuangelicum‚
