2888 4890
456 353 629 402 conamur
652 355 991 408 ancnosaxonronn.
1183 348 1250 411 395

625 612 827 678 Mccxu.

560 737 780 839 slawic,
806 762 883 828 958.

246 909 288 993 ›1‹
301 908 467 973 Cunrsro
485 911 566 976 theo
584 912 620 975 in
636 911 855 976 saeculorum
872 913 1013 978 saecula
1029 914 1161 978 coelum
1180 924 1249 979 ter-

191 1027 334 1091 ramque
352 1012 513 1092 regente!
559 1009 761 1076 Humanum
778 1030 889 1093 genus
904 1013 948 1076 ab
964 1021 1041 1077 orto
1059 1033 1123 1077 suo
1141 1014 1248 1078 fluere

193 1127 302 1189 usque
331 1109 375 1173 ad
403 1117 548 1173 mortem
572 1110 761 1175 deficiendo
788 1111 946 1190 uidetur3
981 1111 1040 1174 sed
1068 1113 1146 1193 pius
1174 1134 1247 1177 om·

192 1207 286 1271 nium
311 1209 477 1273 uirtutum
496 1217 643 1285 amator,
667 1211 726 1292 qni
747 1229 811 1274 nos
828 1211 925 1292 cupit
941 1210 1097 1274 deuitare
1117 1212 1244 1277 malum

192 1307 386 1389 sectarique
401 1310 541 1386 bonum,
565 1309 689 1373 cotidie
704 1310 747 1373 de
761 1309 981 1373 lacrimarum
999 1311 1090 1374 ualle
1105 1311 1149 1374 ad
1167 1332 1247 1377 coc-

193 1405 295 1470 lestia
306 1426 424 1487 regna,
439 1429 528 1491 quae
541 1417 737 1472 nostrarum
750 1410 913 1473 mentium
925 1428 1049 1472 sensus
1061 1411 1246 1488 excedunt,

191 1504 242 1567 ire
257 1505 423 1570 foeliciter
437 1516 620 1584 monstrat,
638 1509 720 1590 quia
741 1515 883 1572 aeterna
904 1517 1101 1571 sanctorum
1117 1511 1245 1590 gaudia

194 1623 285 1668 nunc
311 1607 520 1686 cogitatione
541 1608 716 1689 penetrari
737 1614 895 1688 possunt.
949 1607 1050 1672 Unde
1072 1628 1138 1690 ogo
1153 1609 1245 1673 Ead-

193 1704 262 1784 wig
278 1724 341 1768 rex
357 1706 545 1782 Saxonum,
563 1706 699 1770 cuidam
716 1726 793 1773 meo
808 1706 902 1770 fideli
918 1707 1076 1772 ministro
1091 1709 1246 1774 uocitato

193 1805 331 1868 nomine
359 1804 484 1871 Eadric
507 1823 615 1871 mxx.
641 1825 781 1870 mansas
810 1807 1057 1888 perpetualiter
1081 1808 1245 1886 concedo,

191 1902 262 1966 illic
287 1904 346 1969 ubi
374 1903 526 1986 Anglica
557 1905 790 1987 appellatione
816 1906 942 1970 dicitnr
971 1914 1017 1970 act
1041 1905 1186 1984 Wurtte,
1205 1918 1245 1972 nt

193 2008 318 2069 terram
344 2005 413 2069 iam
441 2004 646 2086 praefatam,
666 2024 742 2068 meo
760 2005 893 2070 scilicet
914 2012 1042 2069 ouante
1065 2025 1244 2084 concessu,

192 2104 388 2168 tramitibus
422 2124 506 2168 snae
537 2105 714 2187 possideat
743 2105 856 2178 uitae3
895 2105 1056 2186 deinceps
1094 2125 1244 2188 namque

191 2204 258 2266 sibi
291 2204 487 2269 succedenti
517 2204 722 2287 cuicumque
754 2205 903 2268 uoluerit
933 2204 1072 2268 haeredi
1101 2205 1256 2270 derelin-.

193 2311 288 2387 quat,
315 2324 378 2368 ceu
404 2304 574 2386 praedixi,
600 2305 636 2368 in
665 2312 840 2370 aeternam
871 2304 1129 2369 haereditatem.
1190 2305 1245 2370 Sit

193 2414 308 2469 autem
333 2404 546 2487 praedictum
571 2424 630 2469 rus
654 2406 797 2468 liberum
821 2405 866 2468 ab
880 2405 971 2468 omni
994 2404 1160 2469 mundiali
1182 2407 1243 2468 ob-

192 2505 327 2569 staculo
345 2523 421 2568 curn
439 2505 599 2568 omnibus
616 2522 705 2584 quae
729 2503 772 2566 ad
796 2505 912 2586 ipsum
937 2504 1050 2568 locum
1073 2504 1245 2586 pertinere

192 2604 428 2681 dinoscuntur,
445 2612 516 2668 tam
546 2603 582 2664 in
610 2604 746 2683 magnis
770 2622 873 2685 quam
899 2604 933 2665 in
961 2603 1103 2666 modicis
1130 2606 1242 2680 rebus,

193 2704 335 2785 campis,
369 2704 518 2784 pascuis,
546 2702 668 2783 pratis,
698 2702 808 2778 siluis,
838 2703 911 2764 sinc
949 2703 1169 2783 expeditione
1209 2712 1243 2767 et

192 2803 309 2886 pontis
337 2802 470 2864 arcisue
494 2801 731 2865 instructione.
778 2800 1015 2864 Minuentibns
1037 2821 1121 2865 uero
1138 2811 1244 2883 atquc

192 2901 430 2983 frangentibus
446 2900 534 2963 hanc
557 2901 789 2976 donationem,
807 2898 898 2981 quod
916 2907 998 2981 opto
1015 2901 1107 2962 absit
1123 2919 1145 2962 a
1160 2900 1243 2964 fide·

192 3002 275 3064 lium
300 3000 484 3073 mentibus,
499 3000 561 3062 fiat
577 3019 656 3081 pars
679 3018 796 3062 eorum
820 3018 898 3062 cum
922 2998 991 3061 illis
1013 2998 1056 3061 de
1078 2999 1203 3080 quibus
1223 3021 1243 3063 e

193 3100 434 3176 contrariatur,
453 3098 652 3163 ‘Discedite
674 3118 696 3161 a
717 3119 772 3162 me
791 3098 932 3179 maligni
949 3097 1117 3178 inignem
1135 3106 1244 3163 aeter·

193 3219 274 3263 nnm
293 3200 353 3281 qui
376 3209 520 3280 paratus
537 3206 591 3262 est
605 3198 756 3262 Satanae
772 3206 808 3262 et
824 3198 1031 3262 satellitibus
1055 3198 1153 3274 eins,'
1176 3199 1248 3263 nisi·

193 3299 287 3380 prins
322 3298 426 3379 digna
455 3299 521 3362 deo
550 3299 765 3381 poenitentia
790 3298 927 3361 ueniam
955 3298 1059 3380 legali
1087 3297 1244 3363 satisfac·

194 3400 287 3462 tione
307 3398 499 3462 emendent.
555 3397 739 3462 Praedicta
760 3398 929 3478 siquidem
953 3397 1055 3461 tellus
1077 3397 1153 3462 istis
1174 3406 1246 3462 ter-

192 3498 294 3562 minis
309 3498 552 3561 circumcincta
569 3497 738 3562 clarescit.
789 3499 852 3561 Dis
867 3498 999 3561 sintita
1013 3485 1245 3576 landgemffire

193 3606 239 3663 aet
258 3596 392 3662 Wur'ac
407 3584 495 3661 tiara
510 3598 634 3682 pritiga
656 3586 752 3660 hida.
791 3597 914 3660 AErest
931 3614 977 3659 on
1000 3583 1242 3674 stanbricggm

192 3697 232 3761 of
251 3686 475 3778 stinbricgge
500 3685 575 3761 east
598 3696 726 3776 onlang
745 3696 891 3759 Temese
913 3693 980 3759 taet
1003 3693 1054 3756 hit
1076 3697 1178 3775 cyma
1205 3687 1244 3759 t6

192 3786 397 3878 Cinghffima
423 3787 593 3877 gemam
627 3787 692 3860 sno
721 3795 873 3875 ondlang
904 3782 1071 3875 gemaeres
1096 3798 1168 3857 uaet
1193 3793 1244 3859 hit

191 3898 282 3962 cim’6
307 3887 345 3962 ts)
366 3884 448 3959 tiam
472 3885 773 3968 heafudstoccum3
803 3893 844 3958 of
862 3883 944 3959 tiam
961 3881 1241 3956 heafodstoccum

193 3989 242 4078 [lp
257 4018 301 4061 on
317 3997 482 4061 Waernan
497 3994 589 4078 hylle
606 3985 644 4059 t6
658 3982 735 4058 iiam
752 3998 873 4078 porum
893 3992 934 4057 of
944 3980 1026 4057 iiam
1041 3995 1144 4076 porne
1159 3994 1244 4057 ond.

191 4096 273 4178 lang
290 4115 424 4160 mearce
440 4116 485 4160 on
498 4096 652 4174 Eccene3
676 4094 830 4176 ondlang
842 4084 990 4159 stremes
1005 4096 1050 4157 cii
1063 4092 1114 4157 hit
1131 4093 1244 4158 stica'6
