2888 4890
457 399 629 447 cuuarrn
652 397 994 449 nucnosnxonrcan
1183 379 1245 445 181

615 655 778 723 chv.

303 770 590 871 ninwnnnn
615 805 680 871 os
702 805 921 888 wamma,
943 809 1049 875 about
1064 809 1140 879 910.

248 954 288 1036 ›1‹
308 952 513 1019 omniurn
530 954 668 1020 diuinae
685 955 904 1020 auctoritatis
918 955 1133 1040 agiographo
1148 951 1246 1023 com·'

192 1071 373 1118 monemur
402 1062 442 1119 nt
459 1062 596 1119 terrena
618 1055 809 1137 praesentis
835 1054 965 1119 saeculi
994 1055 1091 1122 lucra
1119 1056 1242 1122 dantes

191 1153 358 1222 coelestia
379 1161 541 1221 aeternae
569 1155 792 1227 beatitudinis
809 1155 1040 1218 emolumenta
1059 1156 1132 1236 iugi
1149 1149 1249 1221 inde

191 1251 353 1338 fessoque
375 1253 597 1337 adquiramus
618 1254 757 1335 labore;
780 1253 927 1337 ideoque
945 1255 1113 1321 incertum
1135 1255 1243 1321 futuri

191 1352 358 1435 temporis
391 1360 520 1420 statum
553 1352 886 1437 m'utabilitatemque
922 1355 1026 1420 certis
1062 1351 1248 1420 dinoscens¹

191 1450 341 1532 indiciis,
363 1453 447 1519 totis
469 1452 611 1531 uiribus,
633 1460 737 1537 prout
757 1472 859 1536 posse
883 1452 1015 1518 dederit
1037 1456 1096 1537 qni
1118 1464 1243 1523 cuncta

191 1552 337 1631 creauit,
352 1553 499 1618 subnixe
515 1552 665 1618 delibero
681 1560 722 1623 ut
739 1553 965 1637 redemptoris
979 1555 1089 1618 nostri
1106 1573 1242 1637 posses-

193 1649 325 1721 siouem
349 1653 524 1718 aecclesiis
551 1653 625 1717 iure
649 1652 843 1736 delegatam
869 1653 905 1717 in
931 1654 1079 1737 priorem
1100 1663 1243 1721 sanctae

194 1750 371 1834 religionis
393 1758 521 1817 statum
544 1753 647 1818 certis
673 1755 835 1818 roborata
854 1752 1019 1818 litterulis
1041 1754 1241 1820 medullitus

193 1850 455 1921 consolidatam.
516 1851 738 1937 Quapropter
779 1871 844 1935 ego
880 1853 1083 1932 Eadweard,
1123 1854 1243 1920 diuina

193 1948 393 2034 indulgente
429 1953 622 2030 clementia,
653 1952 943 2034 Angulsaxonum
986 1973 1060 2030 rex,
1098 1963 1242 2036 rogatus

194 2049 245 2120 fui
266 2070 381 2120 amen
408 2052 534 2117 dilecto
562 2053 726 2136 episcopo
753 2050 966 2129 Fribestano,
991 2059 1145 2135 tempore
1173 2074 1244 2137 quo

192 2149 356 2219 diocesim
369 2150 565 2217 Wentanae
581 2152 767 2216 aecclesiae
782 2153 816 2215 in
832 2151 919 2216 duas
933 2152 1035 2215 diuisi
1049 2152 1243 2235 parochias,

193 2249 368 2320 territoria
395 2251 584 2316 aecclesiae
617 2250 672 2315 dei
702 2252 757 2316 cui
785 2251 1002 2315 deseruiebat
1034 2252 1243 2334 pertinentia

193 2349 295 2415 nouis
314 2349 508 2419 litterarum
530 2350 686 2433 apicibus
708 2370 886 2428 renouare,
903 2357 939 2414 et
960 2358 1116 2416 ueterum
1137 2353 1243 2418 libro-

194 2469 270 2521 rum
287 2449 504 2529 monimenta,
515 2451 644 2515 recenti
661 2458 862 2533 recuperata
879 2452 1096 2529 auctoritate,
1108 2461 1243 2518 restau-

194 2569 283 2623 rare.
310 2548 456 2627 Idcirco,
466 2551 558 2615 uotis
567 2550 641 2614 eius
654 2550 800 2616 libenter
811 2551 1063 2632 obtemperans,
1077 2572 1244 2618 renouare

193 2648 313 2723 studui
332 2650 541 2718 territorium
561 2649 655 2714 illius
676 2651 810 2714 telluris
827 2670 916 2734 quae
938 2658 1020 2714 noto
1042 2650 1166 2715 Gleran
1181 2673 1243 2737 ap-

193 2749 345 2834 pellatur
359 2750 530 2818 uocabulo
550 2751 744 2833 quantitate
765 2758 929 2814 constans
948 2767 994 2812 .x.
1023 2753 1243 2831 manentium,

191 2849 402 2940 reuerentiae
426 2850 574 2919 trinitati
590 2850 761 2932 beatoque
772 2849 883 2914 ¹Petro
901 2850 1136 2932 apostolorum
1154 2853 1244 2934 prin-

193 2949 264 3034 cipi
285 2949 428 3034 eiusque
442 2950 644 3034 coapostolo
662 2949 786 3027 Paulo,
803 2950 856 3013 uti
878 2957 1113 3014 antecessores
1136 2953 1244 3016 nostri

194 3050 318 3135 priscis
341 3048 507 3120 dederant
527 3049 751 3132 temporibus,
777 3049 975 3113 renouando
997 3049 1121 3121 iterum
1138 3050 1244 3117 deuo·

193 3156 252 3221 tus
269 3155 409 3222 aeterna
426 3149 556 3231 largior
579 3148 801 3212 haereditate.
854 3148 907 3212 Sit
923 3149 1028 3230 igitur
1050 3149 1244 3231 praelatum

195 3269 268 3329 rus,
290 3249 389 3321 cuius
413 3267 478 3330 ego
495 3268 572 3313 cum
589 3250 794 3332 optimatum
811 3268 963 3311 meorum
981 3249 1124 3314 consilio
1141 3249 1244 3315 liber-

193 3356 303 3427 tatem
319 3349 464 3416 fideliter
477 3349 653 3425 renouani,
665 3356 807 3412 aeterna
819 3348 1030 3412 iocunditate
1043 3348 1244 3430 gloriosum,

195 3468 274 3526 cum
295 3448 454 3512 omnibus
476 3447 542 3514 sibi
564 3449 629 3512 rite
653 3448 914 3530 pertinentibuS,
938 3449 1047 3531 pratis
1072 3449 1244 3528 uidelicet,

196 3547 348 3632 pascuis,
367 3547 485 3629 siluis3
519 3548 749 3631 expeditionis
775 3547 939 3623 laborem,
966 3548 1081 3630 pontis
1111 3551 1245 3613 arcisue

195 3647 450 3721 restauratione
466 3648 706 3712 tantummodo
718 3647 915 3731 persoluat3
937 3647 1024 3710 alias
1041 3648 1245 3712 iocundetur

195 3737 339 3825 aeterna
368 3747 540 3815 libertate.
592 3747 629 3811 Si
656 3748 733 3830 quis
762 3755 889 3824 autem,
919 3746 1048 3810 diaboli
1079 3746 1245 3828 pellectus
1334 3755 1338 3762 '

196 3847 375 3925 instinctu,
398 3845 487 3910 hanc
509 3853 711 3930 perpetuam
727 3853 867 3910 nostrae
891 3846 1124 3909 renouationis
1144 3846 1245 3910 liber-

196 3955 305 4025 tatem
336 3946 468 4015 uiolare
498 3947 554 4011 uel
585 3947 737 4011 minuere
759 3946 884 4009 ,audax
913 3946 1190 4028 praesumpserit,
1224 3966 1245 4011 a

195 4053 319 4124 sancta
351 4047 519 4129 corporis,
542 4054 577 4111 et
615 4045 794 4129 sanguinis
829 4045 957 4110 domini
996 4045 1104 4108 nostri
1140 4044 1246 4110 Ibesu

197 4145 325 4213 Christi
348 4146 598 4222 communione,
623 4153 657 4211 ct
680 4153 800 4210 sancta
823 4145 878 4208 dei
901 4144 1064 4208 aecclesia
1088 4164 1128 4208 ac
1146 4165 1246 4216 sanc-
