2888 4890
238 344 281 408 12
496 360 669 412 colurno
693 357 1034 408 incnosixouicnn.

239 518 421 583 Uulferum
455 518 585 583 habens
627 517 821 600 praelatum
863 519 1062 602 subscripsi.
1149 518 1189 599 »14
1216 515 1294 596 Ego

239 619 445 685 AEselredus
477 618 585 682 frater
613 617 704 699 regis
737 637 814 682 cum
848 619 967 682 eodem
999 619 1170 683 consensi.
1247 616 1286 697 »14

237 719 315 802 Ego
332 719 548 803 Kyneburga
567 737 665 782 soror
687 717 777 800 regis
795 719 995 801 amplector.
1052 722 1092 800 »14
1114 718 1192 800 Ego
1208 735 1294 799 quo-

237 839 304 902 que
341 839 439 884 soror
469 818 561 900 regis
587 816 801 901 Kyneswma
828 818 911 883 faui.
998 821 1037 899 »14
1069 819 1145 900 Ego
1178 817 1293 880 Doro·

235 920 415 983 uernensis
443 917 631 983 aecclesiae
658 918 816 1000 pontifex
842 918 1035 983 Deusdedit
1058 918 1174 983 annui.
1247 917 1286 995 »14

237 1020 315 1102 Ego
348 1019 482 1083 Itamar
511 1018 676 1082 Rofensis
712 1019 894 1101 episcopus
928 1018 1158 1084 corroboraui.
1247 1015 1286 1096 »14

238 1121 315 1202 Ego
338 1119 455 1202 Wyna
485 1116 734 1183 Lundoniensis
767 1118 948 1202 episcopus
975 1118 1173 1183 subnotari.
1247 1116 1286 1197 »14

236 1219 313 1302 Ego
352 1219 582 1283 Ierumannus
618 1218 826 1282 Merciorum
862 1220 1045 1302 episcopus
1087 1216 1292 1301 approbaui.

241 1323 281 1401 »14
304 1321 380 1401 Ego
399 1319 501 1384 Tuda
522 1319 705 1401 episcopus
732 1319 895 1400 aspiraui.
978 1322 1018 1400 »14
1040 1319 1118 1401 Ego
1134 1316 1293 1382 Wilsrid·

235 1440 276 1484 us
302 1421 482 1503 presbyter
508 1418 659 1483 famulus
685 1418 929 1483 aecclesiarum
956 1428 992 1483 et
1020 1419 1156 1483 baiulus
1187 1436 1292 1481 euan-

235 1521 317 1602 gelii
347 1520 402 1584 dei
428 1521 464 1583 in
490 1526 612 1602 gentes
638 1517 808 1583 affectaui.
890 1520 930 1601 »14
953 1519 1031 1602 Ego
1046 1520 1169 1602 Eoppa
1196 1537 1291 1600 pres·

234 1621 335 1704 byter
360 1620 487 1683 missus
518 1639 540 1684 a
566 1638 647 1701 rege
671 1617 816 1682 Uulfero
846 1618 1020 1702 legatione
1048 1621 1101 1684 dei
1134 1625 1292 1682 conuert-

234 1720 314 1785 endi
336 1713 472 1802 gentes¹
498 1720 534 1783 in
548 1718 648 1783 Wiht
670 1718 841 1783 benedixi.
906 1721 946 1799 »14
968 1720 1043 1801 Ego
1071 1721 1178 1783 abbas
1201 1717 1291 1781 Sax-

233 1820 327 1884 ulfus
351 1819 539 1902 saepedicti
565 1818 765 1884 monasterii
792 1819 1018 1884 conclamari.
1088 1822 1128 1900 »14
1146 1818 1289 1899 Signum

235 1919 381 1984 Immine
407 1919 581 2002 principis.
651 1920 691 2001 »14
724 1918 870 2000 Signum
895 1919 1085 1984 Eadberhti
1114 1918 1290 2001 principie.

239 2021 278 2102 »14
300 2020 441 2102 Signum
471 2019 649 2084 Heralridi
676 2018 851 2102 principie.
929 2021 968 2099 »14
1003 2020 1148 2102 Signum
1174 2018 1289 2083 Whit·

233 2120 323 2184 berti
351 2120 526 2202 principis.
593 2120 633 2201 »14
649 2119 794 2199 Signum
826 2117 958 2184 Abonis
985 2120 1161 2202 principis
1224 2119 1284 2201 [»14

233 2220 377 2302 Signum
409 2218 597 2284 AEbilbaldi
637 2218 797 2283 ministri.
878 2221 918 2302 »14
947 2219 1091 2302 Signum
1120 2218 1291 2283 Brordani

233 2321 392 2385 ministri.
450 2322 489 2403 »14
511 2319 656 2402 Signum
677 2319 848 2383 Walberti
868 2319 1024 2383 ministri.
1078 2321 1117 2402 »14
1146 2319 1289 2402 Signum

234 2420 443 2485 Ealhmundi
457 2420 614 2484 ministri.
672 2421 712 2502 »14
729 2419 874 2502 Signum
890 2419 1080 2503 Fredegysi
1097 2417 1288 2500 ministriff]

235 2520 323 2585 Cum
346 2521 491 2585 caeteris
509 2520 734 2603 optimatibus
752 2538 793 2584 ac
813 2520 979 2583 ministris
997 2520 1088 2602 regis
1110 2519 1194 2583 haec
1218 2518 1289 2583 col-

234 2620 376 2686 laudata
392 2629 483 2684 sunt.
532 2620 709 2684 Sancitum
728 2627 781 2684 est
797 2618 863 2683 hoc
881 2620 1101 2702 priuilegium
1119 2639 1211 2684 anno
1228 2619 1289 2682 do·

234 2721 378 2785 minicae
393 2720 640 2785 incarnationis
654 2719 905 2785 sexcentesimo
920 2720 1138 2803 sexagesimo
1153 2727 1290 2802 quarto,

237 2819 372 2884 Uulferi
395 2821 488 2900 regis
507 2821 667 2902 septimo,
693 2819 887 2883 Deusdedit
909 2839 1016 2899 non0;
1045 2819 1137 2903 quod
1162 2819 1291 2883 nullius

236 2919 357 2986 insana
371 2926 406 2984 ct
423 2920 597 3004 punienda
611 2918 782 3002 cupiditas
799 2919 916 2984 uiolet.

579 3216 949 3283 DCCCCLXXXV.

381 3366 402 3408 *
418 3364 800 3433 COENUUEALHA
825 3367 889 3432 OF
911 3368 1128 3433 WESSEX.
1254 3398 1258 3407 ·

290 3519 329 3597 »14
357 3514 563 3578 Recursus
592 3515 842 3598 imperpetuum
871 3514 1008 3579 domino
1039 3521 1158 3579 nostro
1186 3513 1291 3578 lhesu

236 3616 375 3681 Christo
406 3635 539 3679 summo
572 3623 607 3678 et
636 3614 798 3678 ineffabili
828 3635 940 3678 rerum
971 3615 1118 3678 creatori
1140 3615 1292 3677 omnium

235 3716 423 3780 uisibilium
440 3722 474 3779 et
485 3715 725 3779 inuisibilium!
758 3715 900 3779 Cunctis
919 3723 1077 3797 patenter
1089 3713 1293 3778 mortalibus

235 3825 334 3900 patet
363 3815 455 3898 quod
488 3823 613 3878 cuncta
640 3835 729 3898 quae
761 3815 923 3880 uidentur
954 3816 1056 3878 finem
1090 3814 1230 3891 habent,
1256 3822 1292 3879 ct

237 3937 326 4002 quac
362 3936 432 3979 non
471 3915 633 3979 uidentur
670 3923 812 3980 aeterna
845 3922 949 3995 sunt3
985 3922 1197 3997 quapropter
1228 3934 1292 3996 ego

236 4017 414 4101 Cyneualc
431 4015 796 4081 altithroniannueute
813 4015 1040 4080 moderatoris
1059 4014 1204 4098 imperio
1228 4034 1290 4078 rex

271 4142 278 4172 ¹
296 4145 451 4196 MSLamb.
463 4145 637 4194 convertendis
655 4145 782 4207 gentibus.
923 4139 934 4168 ²
950 4142 1064 4192 Omitted
1080 4142 1106 4190 in
1119 4142 1176 4192 MS.
1185 4141 1255 4204 Aug.
