2888 4890
465 321 642 369 cnnnrnn.
660 319 1004 370 Anonosnxonrcnn.
1205 307 1245 372 ll

190 477 253 542 sis:
276 485 315 541 tu
340 497 476 560 quoque
490 479 537 541 mi
552 478 658 542 frater
672 477 865 558 AEdelrede,
879 486 915 543 et
932 499 994 543 nos
1012 498 1147 543 sorores
1165 473 1274 562 piis-“-

190 578 297 642 simae
338 578 552 661 Kyneburga
583 586 619 642 et
658 577 884 661 Kyneswiaa,
921 599 984 662 pro
1022 586 1145 643 mutua
1176 582 1248 644 ani-

190 696 324 741 marum
344 687 540 743 nostrarum
555 678 801 761 redemptione,
811 679 890 743 huic
904 686 1112 743 testamento
1128 688 1248 745 nostro

191 784 298 842 testes
343 779 463 862 optimi
502 786 543 843 ut
569 779 718 861 primus1
752 780 1001 861 condigniores
1027 780 1244 846 subscribite.

192 877 323 942 Precor
338 881 442 944 etiam
464 899 583 943 omnes
610 898 827 943 successores
851 898 957 957 meos,
978 880 1054 944 siue
1077 880 1151 958 lilii,
1174 882 1249 945 siue

192 977 329 1057 fratres,
355 980 428 1043 siue
457 979 719 1061 externireges
744 980 986 1057 successerint,
1004 988 1045 1044 ut
1075 980 1140 1045 hoc
1168 1000 1248 1046 nos-

192 1087 283 1143 trum
317 1088 456 1162 pactum
487 1080 538 1143 ita
573 1076 712 1144 seruent
743 1079 960 1156 inuiolatum,
997 1081 1088 1145 sicut
1125 1081 1249 1147 uolunt

192 1168 344 1262 recipere
365 1179 578 1244 rectitudinis
605 1177 806 1261 praemium,
823 1187 859 1244 et
880 1180 1027 1244 euadere
1047 1181 1249 1265 rapacitatis

193 1280 411 1362 supplicium.
464 1277 644 1361 Quisque²
674 1288 789 1344 autem
824 1280 983 1344 beniuole
1009 1290 1124 1346 mente
1159 1281 1271 1345 hanc*

193 1387 345 1443 nostram
371 1379 591 1443 donationem
616 1386 652 1444 et
669 1380 889 1444 elemosinam
917 1381 1126 1464 amplificare
1154 1389 1248 1445 sata-

194 1480 294 1560 gerit,
316 1479 352 1542 in
380 1479 445 1543 hoc
472 1480 644 1562 praesenti
672 1479 810 1543 saeculo
841 1481 936 1544 uitae
961 1481 1053 1544 illius
1082 1501 1249 1564 prospera

194 1578 360 1659 foeliciter
374 1588 579 1662 augeantur,
595 1587 630 1643 et
647 1586 807 1644 aeternae
831 1580 926 1643 uitae
953 1580 1080 1662 gaudia
1105 1589 1249 1645 aeterna

193 1679 405 1742 suceedeant.
458 1679 496 1743 Si
520 1679 596 1762 quis
612 1680 719 1762 igitur
736 1680 906 1743 diabolica
920 1679 1055 1744 illectus
1074 1683 1248 1763 prauitate

194 1778 258 1843 hoe
286 1780 414 1843 donum
445 1781 482 1844 in
512 1779 606 1843 aliud
639 1799 744 1862 quam
777 1779 868 1862 quod
900 1781 1139 1845 constituimus
1170 1802 1248 1865 per·

193 1886 328 1943 uertere
366 1880 506 1945 molitus
537 1880 650 1956 fuerit,
677 1887 817 1945 maneat
844 1880 1064 1944 aeternaliter
1094 1890 1248 1946 retrusus

193 1980 282 2043 inter
298 1979 547 2044 flammiuomas
562 1981 751 2044 aestuantis
770 1980 947 2062 gehennae
961 1981 1245 2064 incorruptioneS,

194 2079 339 2161 lugubre
355 2081 420 2144 sibi
443 2081 567 2144 solium
582 2080 768 2146 nendicans
792 2081 880 2144 inter
897 2088 968 2145 tres
987 2081 1247 2146 nefandissimos

194 2180 386 2263 proditores
405 2179 544 2258 Christi,
568 2180 704 2258 Iudam,
722 2179 861 2244 Annam
883 2187 918 2244 et
935 2179 1138 2263 Caiapham,
1157 2190 1192 2246 et
1210 2184 1247 2245 in

197 2278 347 2344 Satanae
362 2281 517 2344 faucibus
533 2287 672 2344 maneat
686 2280 926 2362 deglutiendus
944 2279 1011 2366 [et]
1029 2282 1180 2345 omnium
1197 2283 1246 2345 in-

195 2379 376 2444 fernalium
397 2381 567 2445 morsibus
588 2379 787 2445 carnificum
805 2382 879 2443 sine
899 2379 966 2444 fine
982 2381 1164 2458 laceretur,
1182 2381 1248 2445 nisi

196 2479 251 2542 hic
266 2480 371 2562 digna
385 2481 619 2545 satisfactione
635 2480 816 2544 emendare
833 2481 1005 2544 curauerit
1020 2482 1110 2562 quod
1129 2489 1249 2545 contra

195 2586 348 2643 nostrum
366 2579 540 2644 decretum
563 2580 679 2662 inique
701 2579 879 2643 commisit.
932 2579 1050 2646 Huius
1066 2581 1295 2661 confirma-,s

194 2681 297 2744 tionis
315 2680 374 2744 isti
391 2687 498 2745 testes
513 2680 787 2744 subscribuntur.
1255 2663 1262 2677 '

244 2782 283 2860 ›1‹
304 2780 382 2862 Ego
400 2781 572 2851 Uulfhere
589 2800 650 2844 rex
666 2797 744 2844 oum
767 2780 869 2843 sociis
886 2779 1025 2862 regibus
1041 2787 1077 2844 et
1092 2780 1249 2862 patribus

196 2899 237 2943 ac
259 2881 403 2945 ducibus
433 2881 498 2946 hoc
530 2888 774 2946 testamentum
805 2881 1002 2944 donationis
1026 2900 1123 2944 meae
1150 2900 1251 2963 prae·

196 2989 294 3044 sente
320 2981 512 3063 apostolico
540 2990 639 3062 patre
670 2988 789 3044 nostro
816 2980 1009 3044 Densdedit
1036 2981 1250 3047 confirmaui.

201 3081 241 3162 ›1‹
271 3080 347 3162 Ego
372 3080 510 3145 Oswius
533 3101 596 3144 rex
620 3079 987 3144 Nortianhumbrorum
1020 3081 1152 3144 amicus
1188 3083 1247 3145 ab·

195 3180 287 3244 batis
313 3181 496 3263 Saxulphi,
512 3181 615 3245 immo
639 3180 826 3244 aecclesiae
852 3180 907 3243 dei
934 3180 1071 3244 debitus
1100 3180 1250 3259 adiutor,

194 3280 347 3344 laudaui.
404 3282 443 3363 ›1‹
467 3281 545 3362 Ego
567 3280 712 3363 Sighere
731 3300 792 3344 rex
810 3278 1005 3344 uoluntarie
1022 3281 1125 3344 immo
1141 3281 1251 3345 chris·

196 3383 311 3445 tianae
338 3379 418 3444 fidei
449 3381 579 3446 recenti
607 3381 827 3463 perceptione
864 3381 937 3462 regi
963 3379 1136 3445 Uulllrero
1167 3383 1249 3445 sub·

196 3481 306 3545 iectus
334 3482 503 3545 consensi.
566 3482 605 3563 ›1‹
631 3481 707 3562 Ego
733 3480 872 3544 Sibbius
904 3500 966 3545 rex
999 3480 1104 3544 simili
1135 3482 1250 3558 gratia

195 3581 391 3646 deuotionis
430 3600 471 3646 ac
514 3599 607 3645 nona
641 3581 812 3645 industria
844 3581 1063 3664 baptismatis
1105 3581 1249 3644 eundem

231 3773 239 3803 ¹
257 3775 387 3838 praemiis,
399 3775 475 3824 MSS.

231 3842 241 3873 ¹
257 3846 411 3908 Quicunque
426 3860 486 3908 ergo
502 3844 574 3907 haec,
585 3858 651 3906 quae
662 3848 749 3893 nostra
765 3843 808 3892 uel
825 3847 979 3892 caeterorum
993 3842 1105 3892 fidelium
1117 3841 1250 3892 donatione

196 3917 271 3965 beato
282 3917 360 3966 Petro
378 3920 524 3965 consecrata
542 3920 609 3978 sunt,
629 3915 729 3964 auferre
746 3913 789 3962 nel
808 3914 947 3962 diminuere
969 3913 1175 3975 praesumpserit,
1194 3914 1250 3975 ipse

196 3988 288 4036 ianitor
298 3987 363 4036 coeli
373 3987 498 4035 diminuat
508 3986 564 4034 eius
581 3990 679 4046 partem
696 3986 721 4033 in
741 3984 904 4032 retributione
921 3988 1039 4044 aetema3
1056 3985 1112 4032 eius
1128 3999 1189 4033 uero
1206 3985 1252 4046 qui

111 4122 114 4129 α
196 4058 260 4108 haec
270 4058 367 4121 largius
379 4058 488 4119 suxerit,
499 4061 592 4118 augeat
603 4056 698 4119 gaudia
709 4055 871 4118 sempiterna,
883 4053 961 4103 MSS.
