2888 4890
397 427 401 433 .
448 380 621 432 enarro-r
646 380 992 431 arcnosnxouronn.
1180 366 1243 429 171

194 541 307 612 natur,
328 536 394 601 hoc
411 543 466 601 est
491 553 532 600 ὼ.
557 545 745 613 manentes,
767 537 803 599 iu
831 536 961 601 honore
983 545 1124 601 sanctae
1147 539 1243 603 trini·

193 635 276 699 tatis
293 641 330 699 et
355 636 508 700 omnium
526 635 712 700 electorum
735 636 822 712 eius,
842 635 995 700 familiae
1012 637 1124 701 sancti
1146 637 1243 701 Petri

192 743 353 817 quaeest
375 735 412 799 in
430 735 630 799 Wintoniae
647 735 789 798 ciuitate
810 735 845 799 in
870 735 1116 800 haereditatem
1133 755 1244 820 semp·

191 833 349 909 iternam,
372 833 561 898 habendam
587 841 623 898 et
645 833 888 915 possidendam
911 835 1005 898 intus
1029 835 1073 899 ad
1098 835 1243 901 refecto·

193 933 301 1012 rium3
334 933 458 997 deinde
485 940 698 1014 rogauerunt
730 933 883 1014 episcopi
909 933 1060 997 eiusdem
1092 934 1243 1000 familiae

192 1050 270 1095 eam
304 1031 629 1098 accommodandam
652 1031 733 1107 illis,
756 1038 792 1095 et
817 1031 882 1114 ipsi
906 1033 954 1095 ita
976 1033 1098 1109 fecere,
1121 1041 1244 1115 postea

192 1148 276 1194 uero
307 1149 376 1195 non
406 1137 595 1214 potuerunt
631 1131 814 1212 impetrare
854 1132 898 1195 ab
916 1130 1124 1214 ¹episcopis;
1162 1141 1245 1214 post

192 1228 334 1310 longum
350 1249 434 1296 uero
456 1237 592 1312 tempus
613 1229 743 1311 precati
759 1236 841 1293 sunt
860 1228 1090 1293 Eadwardum
1116 1250 1244 1312 regem,

194 1334 336 1410 proptor
359 1327 414 1393 dei
438 1347 588 1393 amorem
617 1335 652 1393 et
682 1327 834 1391 eiusdem
858 1327 1020 1405 familiae,
1044 1337 1079 1394 et
1102 1338 1244 1413 propter

194 1444 347 1492 amorem
363 1435 545 1509 parentum
570 1427 643 1491 eius
663 1426 775 1506 quiin
799 1426 918 1491 eodem
940 1426 1017 1492 loco
1035 1437 1115 1492 sunt
1135 1430 1244 1494 dediti

193 1526 405 1608 sepulturae,
431 1533 472 1611 ut
498 1527 629 1591 taceret
658 1524 708 1589 eis
740 1525 902 1590 iudicium
933 1535 1076 1604 rectum,
1102 1537 1244 1610 propter

193 1642 293 1689 suam
309 1625 588 1702 misericordiam,
603 1624 646 1689 de
666 1623 743 1706 ipsa
764 1631 876 1704 terra3
900 1632 983 1690 tunc
999 1626 1089 1690 idem
1105 1625 1242 1710 Angui-

193 1743 364 1788 saxonum
395 1744 458 1789 rex
486 1744 618 1789 necnon
647 1731 682 1789 et
707 1723 859 1789 eiusdem
885 1723 1034 1789 familiae
1060 1727 1243 1809 episcopus

194 1823 379 1889 Friiiestan
417 1823 588 1889 recordati
623 1829 705 1887 sunt
742 1829 897 1886 terrenae
936 1827 1119 1904 potestatis
1160 1827 1243 1908 quia

193 1924 319 1987 misera
344 1931 398 1987 est
420 1930 455 1987 et
473 1923 606 2004 fragilis
631 1930 736 2003 atque
759 1941 820 2003 per
841 1922 1025 1987 interualla
1049 1931 1241 2008 temporum

194 2022 380 2099 motabilis,
407 2022 502 2087 dedit
535 2022 585 2085 eis
614 2020 709 2085 iliam
742 2030 868 2086 terram
899 2022 935 2083 in
964 2023 1106 2086 eandem
1139 2025 1242 2091 liber·

194 2127 301 2187 tatem
327 2139 397 2203 qua
419 2122 502 2187 data
525 2127 579 2185 est
603 2138 625 2184 a
652 2119 799 2187 Hemele
823 2121 960 2196 comite,
985 2139 1062 2185 curn
1086 2123 1184 2188 siluis
1207 2133 1243 2191 et

194 2218 338 2303 campis,
355 2239 488 2285 necnon
513 2227 548 2284 et
575 2219 698 2301 pratis,
726 2219 875 2301 pascuis,
893 2220 1100 2301 piscatoriis,
1118 2230 1154 2287 et
1178 2243 1242 2287 au·

194 2320 305 2401 eupiis
322 2339 399 2384 cum
410 2319 569 2383 omnibus
584 2317 627 2383 ad
645 2337 683 2381 se
701 2319 965 2400 pertinentibus,
981 2338 1023 2384 ea
1033 2321 1241 2401 conditione,

194 2426 235 2483 ut
262 2418 379 2485 nullus
404 2419 587 2501 episcopus
614 2417 784 2499 acciperet
818 2436 906 2494 eam,
936 2437 998 2482 nec
1029 2420 1132 2484 etiam
1165 2422 1242 2504 ipsa

193 2515 326 2585 familia
348 2536 424 2583 eam
446 2516 551 2582 alicui
577 2515 661 2579 dare
682 2523 929 2599 praesumeret,
953 2518 1117 2599 quamdiu
1138 2521 1242 2585 homo

193 2622 447 2698 superterram
471 2624 533 2680 aut
558 2615 705 2680 mundus
729 2634 866 2679 cursum
894 2635 994 2678 suum
1019 2634 1082 2698 per
1107 2618 1245 2686 diuersa

194 2721 385 2798 temporum
403 2717 517 2798 spatia
536 2714 717 2798 peregerit.
769 2713 849 2778 Hac
871 2734 954 2794 ergo
973 2734 1079 2780 causa
1097 2721 1244 2802 rescrip-

195 2815 302 2879 simus
326 2816 463 2879 nouiter
479 2814 584 2879 istum
604 2812 868 2877 haereditarium
889 2814 1028 2891 librum,
1042 2819 1157 2881 nescio
1173 2838 1243 2902 quo

196 2933 280 2983 casu
292 2914 462 2997 perditum
476 2913 656 2996 antiquum
672 2911 937 2976 haereditarium
953 2913 1076 2980 librum
1095 2935 1165 2980 non
1181 2917 1243 2982 ha-

149 3004 156 3016 ’
195 3015 369 3080 hebemus,
421 3012 458 3077 Si
482 3013 560 3095 quis
581 3019 696 3077 autem
722 3018 802 3094 post
827 3012 892 3075 hoc
916 3013 1092 3094 antiquum
1106 3016 1243 3081 iibrum

194 3112 350 3181 inueniat
367 3120 403 3178 et
423 3120 545 3179 contra
565 3112 653 3180 hanc
676 3117 829 3175 nostram
842 3109 1089 3179 ‘diffinitionem
1111 3114 1147 3179 in
1163 3136 1243 3198 pro-

195 3213 315 3296 patulo
331 3211 528 3288 adduxerit,
544 3212 589 3277 ab
605 3211 698 3275 omni
718 3210 970 3277 christianitate
992 3218 1179 3279 extraneus
1195 3217 1243 3281 sit

195 3319 231 3380 et
253 3312 298 3377 ad
317 3311 482 3377 nichilum
505 3311 634 3377 ualeat.
687 3309 788 3373 Haec
805 3316 919 3372 autem
944 3316 1040 3375 terra
1058 3311 1167 3378 libera
1190 3323 1244 3381 est

196 3413 240 3479 ab
262 3410 355 3476 omni
375 3411 484 3492 regali
506 3418 539 3474 et
563 3409 732 3473 saeculari
754 3408 932 3485 seruitute,
958 3423 1091 3478 necnon
1111 3413 1154 3477 ab
1171 3413 1244 3496 epi·

195 3509 327 3592 scopali
347 3527 426 3587 usu,
447 3516 585 3591 praeter
610 3507 841 3590 expeditione,
864 3509 980 3590 pontis
1003 3511 1137 3576 arcisue
1161 3532 1243 3577 con·

194 3608 395 3678 structione.
462 3607 500 3671 Si
533 3609 611 3691 quis
643 3626 727 3671 uero
758 3626 890 3689 regum,
916 3626 977 3671 seu
1004 3610 1242 3692 episcoporum

192 3709 237 3778 de
257 3726 359 3773 sacro
382 3707 513 3783 ordine,
528 3707 585 3770 uel
608 3706 785 3781 laicorum,
807 3708 1095 3788 praesumptionis
1120 3704 1243 3791 spiritu

195 3806 419 3891 temptauerit
449 3806 539 3873 hanc
568 3805 762 3870 donationis
786 3824 882 3869 meae
912 3804 1085 3870 kartulam
1108 3808 1244 3874 auferre

195 3927 258 3973 seu
282 3907 446 3983 minuere,
467 3907 556 3973 sciat
577 3925 615 3969 se
642 3904 873 3986 unusquisque
900 3905 1068 3969 rationem
1092 3906 1244 3973 redditu·

195 4027 271 4075 rum
288 4008 324 4072 in
344 4005 400 4069 die
418 4004 548 4083 iudicii,
566 4003 753 4069 secundum
773 4021 861 4086 opus
881 4022 980 4067 suurn
998 4012 1033 4068 ct
1055 4005 1244 4073 secundum

195 4107 269 4176 eius
287 4105 536 4173 rectitudinem.
583 4103 619 4169 si
642 4103 719 4185 quis
737 4121 819 4167 uero
835 4102 1067 4175 beniuolentia
1082 4105 1126 4168 sit
1144 4125 1244 4191 prae-
