2888 4890
189 354 254 420 108
445 373 616 420 cunnrnn
639 371 984 421 Anonossxomcnu.

192 548 322 613 ponens
340 529 551 612 temporibus
566 531 722 611 potentia
736 536 776 593 ut
793 530 942 594 uoluerit
958 529 1059 593 finem
1075 529 1243 614 imponet,

193 639 228 694 et
245 631 281 694 in
298 630 362 693 hac
382 630 457 693 uita
481 629 686 711 degentibus
704 631 837 694 cunctis
853 637 998 709 certum,
1016 637 1056 694 ut
1072 651 1243 714 proposu-

193 737 280 807 erat,
310 730 441 794 dierum
479 730 662 793 terminum
702 731 911 810 constituet3
948 731 1077 795 idcirco
1109 731 1243 795 cunctis

193 831 362 912 agendum
381 840 434 894 est
452 837 491 894 ut
508 829 563 893 hic
584 830 684 894 bonis
701 830 835 893 actibus
858 830 995 894 futurae
1017 831 1243 895 beatitudinis

193 930 416 995 foelicitatem
438 931 686 1013 perpetualiter
707 929 850 1012 adipisci
875 933 1090 996 mereantur!
1145 930 1243 1010 Qua·

193 1037 335 1114 propter
358 1050 423 1112 ego
448 1031 618 1094 AEbelwlf
639 1031 753 1112 gratia
774 1031 829 1094 dei
852 1030 1127 1095 Occidentalium
1155 1032 1244 1095 Sax-

193 1152 295 1196 onum
312 1151 387 1208 rex,
404 1131 439 1193 in
461 1137 582 1194 sancta
599 1150 640 1194 ac
658 1131 878 1194 celeberrima
903 1131 1058 1213 paschali
1080 1131 1243 1214 sollemp-

193 1233 315 1309 nitate,
332 1251 395 1314 pro
410 1249 506 1294 meae
525 1232 673 1295 remedio
694 1232 831 1295 animae
846 1239 881 1295 et
900 1232 997 1313 regni
1013 1233 1244 1314 prosperitate

192 1340 227 1396 et
249 1332 368 1415 populi
383 1333 427 1395 ab
447 1332 681 1413 omnipotente
698 1331 763 1395 deo
780 1330 883 1394 michi
904 1331 1044 1408 conlati,
1059 1333 1242 1396 consilium

191 1432 329 1495 salubre
347 1430 350 1435 ⁴
365 1452 442 1496 curn
475 1431 658 1514 episcopis,
692 1432 886 1509 comitibus,
922 1438 958 1495 et
987 1433 1134 1496 cunctis
1155 1433 1243 1515 opti·

191 1532 342 1596 matibus
367 1532 452 1595 meis
480 1531 618 1614 perfeci,
649 1538 687 1595 ut
711 1531 877 1595 decimam
905 1538 1040 1613 partem
1071 1538 1242 1595 terrarum

192 1652 254 1713 per
289 1651 433 1713 regnum
466 1639 620 1696 nostrum
653 1652 722 1695 non
754 1632 865 1695 solum
905 1632 1034 1695 sanctis
1067 1633 1245 1696 aecclesiis

192 1732 309 1796 darem
328 1733 551 1797 uerumetiam
576 1739 611 1796 et
632 1732 797 1796 ministris
819 1731 945 1796 nostris
970 1732 1004 1794 in
1027 1732 1147 1796 eodem
1165 1753 1244 1797 con·

191 1832 323 1896 stitutis
349 1833 386 1895 in
406 1839 609 1915 'perpetuam
636 1833 828 1897 libertatem
851 1832 977 1896 habere
1000 1834 1243 1911 concessimus,

191 1933 242 1996 ita
260 1939 298 1996 ut
320 1933 400 1996 talis
420 1933 560 1997 donatio
578 1931 645 1996 fixa
668 1933 1026 2016 incommutabilisque
1043 1943 1243 2016 permaneat

193 2034 237 2096 ab
260 2033 354 2096 omni
385 2033 493 2113 regali
521 2033 664 2096 seruitio
694 2040 729 2096 et
754 2033 904 2096 omnium
926 2033 1155 2097 saecularium
1181 2035 1242 2097 ab·

195 2134 312 2197 soluta
344 2133 532 2206 seruitute3
568 2133 699 2215 placuit
731 2142 847 2196 autom
875 2130 1049 2196 Alhstano
1079 2133 1243 2216 episcopo

193 2233 461 2297 Sciriburnensis
492 2233 679 2296 aecclesiae
705 2238 739 2295 et
764 2233 907 2297 Swittun
936 2232 1131 2297 Wentanae
1158 2234 1242 2298 ciui·

192 2334 274 2397 tatis
285 2333 473 2407 aecclesiae
482 2333 644 2416 episcopo
658 2352 735 2396 cum
748 2333 904 2397 omnibus
921 2333 985 2398 deo
999 2329 1241 2412 seruientibus,

192 2441 232 2497 ut
262 2435 298 2496 in
333 2452 543 2515 unaquaque
579 2433 768 2497 ebdomada
809 2433 863 2496 die
898 2434 1034 2497 sabbati
1071 2436 1242 2498 unanimis

192 2534 415 2616 congregatio
434 2533 639 2596 famulorum
660 2533 934 2614 famularumque
953 2533 1008 2597 dei
1027 2551 1071 2597 m.
1089 2535 1242 2616 psalmos

193 2641 321 2711 cantet,
343 2641 378 2697 et
406 2633 643 2716 unusquisque
666 2633 843 2715 presbyter
868 2632 955 2696 duas
981 2633 1115 2710 missas,
1137 2653 1241 2698 unam

192 2753 255 2814 pro
293 2732 475 2798 AEbelwlfo
513 2753 605 2814 rege,
649 2739 684 2796 et
715 2732 858 2796 alteram
901 2752 964 2815 pro
998 2734 1169 2815 episcopis
1205 2743 1238 2798 et

192 2833 335 2897 ducibus
348 2854 356 2910 ;
379 2852 443 2914 pro
454 2853 534 2914 rege
551 2834 699 2909 uiuente,
712 2833 808 2896 Deus
823 2833 882 2915 qui
897 2833 1062 2897 iustificas
1079 2833 1239 2917 impium3

192 2952 256 3016 pro
277 2933 446 3015 episcopis
464 2939 498 2996 et
516 2933 670 3008 ducibus,
688 2932 881 2996 Praetende
901 2933 1055 3012 domine3
1080 2953 1143 3016 pro
1159 2946 1240 3016 rege'

193 3032 354 3096 defuncto
384 3052 487 3095 unam
515 3032 721 3115 specialiter,
748 3052 810 3114 pro
837 3033 1007 3116 episcopis
1035 3040 1070 3096 et
1095 3033 1240 3098 ducibus

193 3132 419 3196 communiter
457 3131 546 3196 hanc
585 3133 878 3196 consentientibus
922 3133 1154 3209 donationem,
1199 3141 1239 3198 nt

192 3239 263 3297 tam
288 3234 450 3296 roborata
473 3239 671 3314 perseueret
696 3232 856 3313 quamdiu
878 3231 962 3295 fides
990 3239 1026 3296 et
1050 3233 1240 3298 christiana

192 3332 315 3414 religio
352 3333 386 3395 in
425 3331 616 3414 Anglorum
657 3338 760 3412 gente
801 3333 1006 3396 inconcussa
1048 3333 1239 3415 peruigeat.

194 3432 273 3497 Hoc
293 3440 408 3496 autem
432 3433 574 3495 fecimus
600 3431 819 3495 inhonorem
847 3432 975 3495 domini
997 3433 1107 3496 nostri
1134 3431 1240 3497 Ibesu

194 3532 323 3596 Christi
340 3539 375 3596 et
390 3533 513 3596 beatae
527 3551 567 3595 ac
579 3550 713 3613 semper
726 3532 871 3613 uirginis
887 3531 1022 3595 Mariae
1038 3538 1073 3594 et
1087 3533 1239 3595 omnium

193 3639 390 3697 sanctorum
412 3639 447 3696 et
462 3631 635 3715 paschalis
652 3630 731 3694 festi
747 3630 953 3710 reuerentia,
970 3638 1009 3695 ut
1025 3631 1109 3695 deus
1130 3633 1240 3696 omni·

192 3739 315 3816 potens
332 3740 366 3797 et
383 3733 481 3796 nobis
497 3738 531 3795 et
549 3731 676 3795 nostris
698 3732 844 3813 posteris
862 3731 1049 3814 propitiare
1067 3731 1239 3813 dignetur.

192 3833 329 3916 Scripta
346 3839 400 3896 est
426 3839 538 3895 autem
558 3831 642 3895 baec
658 3831 791 3895 cartula
815 3850 905 3894 anno
921 3831 1111 3894 dominicae
1126 3831 1237 3895 incar-

191 3933 341 3997 nationis
367 3948 576 3998 ‚occanum
602 3930 787 3995 indictione
811 3947 860 3996 ,ιι
887 3930 942 3994 die
973 3949 1056 3994 uero
1085 3931 1241 4013 paschali

193 4032 227 4094 in
251 4033 382 4114 palatio
407 4038 524 4096 nostro
555 4032 647 4114 quod
677 4030 801 4093 dicitur
824 4030 971 4096 Wiltun.
1024 4028 1094 4108 Qui
1121 4037 1239 4095 autem

191 4149 317 4214 augere
345 4133 401 4196 uel
433 4130 644 4213 amplificare
673 4131 823 4194 uoluerit
850 4136 989 4195 nostrae
1017 4130 1239 4195 donationem
