2888 4890
451 334 623 382 enarrans
650 333 994 383 nnonosnxonrcnn.
1208 317 1252 381 25

190 482 434 575 tiua'praestet
450 493 594 556 caeteris
618 511 640 555 a
656 491 827 556 Tamense
849 491 956 556 fluuio
982 492 1017 555 in
1040 492 1247 575 aquilonem,

190 593 281 656 sicut
297 600 333 656 et
347 600 425 656 orta
439 592 637 675 perhibetur
650 599 761 656 mater
777 593 960 675 primaria3
989 594 1095 656 abbas
1110 614 1247 676 quoque

192 693 265 756 eius
280 694 407 775 aliquis
425 701 564 757 arctoae
578 692 704 775 plagae
727 693 821 775 prior
837 693 1006 757 habeatur
1025 701 1060 757 et
1079 694 1114 757 in
1135 695 1245 758 omni·

191 793 256 856 bus
281 793 508 857 conuentibus
534 792 685 857 anterior
709 793 840 871 sedeat,
865 794 915 858 ita
936 790 1110 858 duntaxat
1135 801 1175 858 ut
1203 795 1247 858 ad

193 912 311 957 sacrae
334 893 425 971 fidei,
441 893 625 975 religionis,
642 892 811 970 caritatis,
827 900 862 957 et
886 894 1089 958 concordiae
1110 913 1248 977 compa-

192 994 318 1075 ginem,
346 994 423 1058 loco
452 994 672 1076 primogeniti
704 1001 739 1057 et
763 994 840 1057 uice
871 993 1030 1058 Romana
1062 994 1248 1059 affectuose

193 1094 392 1175 praeluceat
413 1092 644 1158 confratribus
670 1113 738 1157 non
770 1093 927 1177 imperet,
953 1093 1013 1157 sed
1045 1101 1080 1158 et
1104 1095 1139 1157 in
1168 1097 1249 1160 aula

192 1195 288 1275 regia
311 1201 346 1258 et
369 1194 542 1276 regalibus
569 1194 722 1259 consiliis
745 1193 837 1258 sicut
862 1201 897 1258 et
918 1195 1117 1260 monasterii
1147 1215 1247 1278 prae-

191 1294 322 1359 stantia
338 1294 530 1369 laudamus,
551 1301 591 1358 ut
616 1295 748 1378 primus
771 1295 828 1359 uel
857 1295 947 1359 inter
965 1295 1093 1378 primos
1119 1295 1247 1360 adhae-

191 1400 277 1472 reat,
292 1401 328 1458 et
344 1395 504 1477 exemplo
520 1394 652 1458 Saxulfi
675 1414 794 1458 omnes
816 1414 1032 1459 successores
1054 1403 1248 1479 opportune

192 1514 252 1559 seu
276 1496 471 1577 importune
495 1515 611 1577 regem
641 1496 860 1577 frequentent
877 1495 1040 1577 religiosa
1064 1516 1248 1561 conuersa-

193 1596 300 1673 tione,
328 1615 350 1660 a
378 1596 522 1660 terrenis
553 1602 728 1672 reuocent,
762 1595 804 1658 ad
836 1596 999 1660 coelestia
1028 1597 1174 1679 erigant,
1204 1599 1246 1661 ad

128 1751 129 1754 ,
193 1696 371 1778 pietatem,
387 1696 431 1760 ad
456 1696 633 1773 iustitiam,
657 1695 701 1759 ad
724 1695 780 1759 dei
799 1696 942 1773 cultum,
965 1696 1104 1761 hortatu
1128 1699 1248 1762 crebro

192 1796 393 1861 accendant.
457 1796 562 1860 Hanc
589 1815 727 1879 quoque
755 1796 799 1860 ad
830 1804 984 1860 uestrum
1016 1805 1148 1875 uotum,
1179 1819 1248 1863 non

192 1896 302 1960 solum
329 1896 524 1961 uoluntario
555 1895 780 1960 uerumetiam
809 1897 1000 1961 necessarie
1031 1898 1247 1962 concedimus

192 1996 463 2061 benedictionem
489 1997 569 2061 huic
603 1996 814 2080 apostolicae
853 1997 1051 2075 aecclesiae,
1084 1999 1247 2081 quatinus

193 2091 267 2161 tam¹
297 2118 361 2162 uos
394 2117 498 2180 quam
533 2099 661 2162 caeteri
690 2097 809 2181 populi
836 2098 943 2161 uestri
969 2098 1104 2179 imperii
1138 2100 1246 2163 totius

193 2217 329 2280 quoque
345 2198 547 2262 Britanniae
573 2198 633 2262 sed
662 2205 698 2262 et
721 2197 956 2280 proximorum
980 2217 1162 2280 regnorum
1188 2218 1247 2262 na-

192 2298 316 2376 tiones,
348 2299 567 2382 quicumque,
592 2299 648 2362 uel
679 2299 757 2362 uiae
785 2298 1038 2381 longinquitate
1066 2298 1121 2361 uel
1150 2300 1247 2362 uaria

192 2399 444 2464 necessitudine
477 2398 681 2482 praepediti,
711 2398 845 2462 Romae
873 2400 1012 2462 beatum
1041 2397 1183 2462 Petrum
1211 2400 1247 2463 in

191 2500 276 2563 urbe
305 2518 369 2564 sua
394 2499 544 2564 reuisere
567 2508 635 2562 non
652 2496 818 2574 sufficitis,
836 2498 891 2562 hic
908 2519 984 2562 eum
1006 2499 1132 2580 spiritu·
1147 2500 1246 2564 uobis

192 2599 447 2664 cohabitantem
472 2599 575 2683 plena
600 2598 666 2662 fide
682 2599 880 2680 requiratis,
895 2599 950 2662 hic
967 2606 1051 2663 uota
1068 2599 1246 2681 persolua-

192 2699 250 2778 tis,
268 2699 322 2764 hic
340 2700 591 2764 absolutionem
609 2706 827 2782 peccatorum
846 2706 881 2763 et
898 2699 1124 2781 apostolicam
1142 2701 1247 2764 bene·

192 2800 376 2865 dictionem
405 2821 467 2883 per
493 2800 607 2882 ipsum
634 2799 765 2881 ligandi
799 2818 840 2863 ac
868 2798 1025 2863 soluendi
1057 2800 1245 2883 principem

194 2900 340 2964 fideliter
357 2901 515 2984 speretis,
531 2909 567 2965 et
587 2899 680 2966 iusta
703 2900 873 2964 desideria
901 2919 979 2963 cum
1005 2901 1164 2982 precibus
1185 2921 1247 2964 ex-

194 3001 304 3064 audiri
331 3020 373 3066 ac
390 3001 477 3065 coeli
494 3002 633 3065 ianuam
656 3001 755 3064 uobis
782 3000 908 3083 aperiri
932 3001 1089 3063 credatis.
1147 2999 1247 3065 Haec

193 3101 301 3183 igitur
318 3101 395 3167 etc.1
412 3112 647 3184 quaecumque
664 3108 746 3165 sunt
764 3109 834 3164 tarn
855 3120 877 3163 a
893 3099 993 3164 uobis
1013 3120 1116 3181 quam
1139 3119 1160 3163 a
1177 3099 1247 3164 sra-

192 3202 302 3266 tribus
337 3209 372 3266 et
403 3201 677 3265 antecessoribus
705 3202 831 3264 uestris
864 3200 943 3264 huic
971 3201 1180 3264 monasterio
1210 3202 1246 3265 in

191 3310 367 3366 aeternam
392 3302 585 3366 libertatern
618 3300 933 3383 haereditatemque
956 3309 1157 3382 perpetuam
1183 3302 1243 3365 do·

189 3409 285 3480 nata,
313 3422 353 3466 ac
378 3401 635 3485 priuilegiorum
662 3401 898 3465 sanctionibus
931 3401 1127 3483 perenniter
1152 3422 1244 3465 com-

192 3503 366 3581 mendata,
385 3523 621 3585 quaecumque
645 3503 749 3566 etiam
771 3503 807 3565 in
828 3509 1004 3584 posterum
1028 3508 1088 3565 aut
1106 3521 1127 3564 a
1147 3503 1247 3566 uobis

191 3610 253 3667 aut
270 3622 291 3666 a
308 3595 564 3667 successoribus
586 3603 711 3666 uestris
734 3602 789 3666 uel
811 3621 832 3665 a
854 3601 1063 3684 quibuslibet
1088 3603 1245 3684 personis

191 3723 301 3786 usque
326 3705 361 3767 in
386 3703 486 3767 finem
509 3705 583 3767 iure
607 3702 798 3780 tradentur,
816 3702 942 3778 omnia,
959 3701 1102 3779 scilicet,
1122 3721 1244 3766 secun-

190 3804 272 3867 dum
305 3812 456 3868 uestram
494 3803 761 3886 postulationem
802 3802 992 3885 apostolica
1025 3802 1117 3865 beati
1148 3801 1244 3866 Petri

190 3906 397 3969 auctoritate
427 3903 681 3980 confirmamus,
704 3910 740 3966 et
769 3903 819 3966 ita
846 3903 931 3966 haec
959 3901 1175 3966 obseruanda
1201 3885 1272 3966 ab&

190 4006 347 4070 omnibus
377 4005 516 4087 regibus
544 4011 578 4068 et
603 4004 815 4087 principibus
840 4003 1042 4068 Britanniae
1073 4010 1245 4067 contesta-

644 4119 652 4152 ¹
670 4123 713 4171 Sic
731 4123 808 4172 MSS.
