2888 4890
190 370 256 436 290
443 384 617 433 cesares
639 379 986 431 nucnossxosrcnn.

193 542 347 606 minister
369 540 541 604 consensi.
598 541 637 620 ›1‹
661 539 737 622 Ego
754 537 968 620 AE'delgeard
992 535 1148 600 minister
1170 552 1254 598 con-

194 642 297 706 sensi.
367 644 406 723 ›1‹
428 641 504 721 Ego
522 639 660 703 AElfred
689 639 845 704 minister
869 636 1039 702 consensi.
1113 634 1255 718 ›14Ego

195 740 343 807 Wulfrio
359 742 516 804 minister
532 740 701 805 consensi.
775 740 814 820 ›1‹
837 738 913 820 Ego
930 737 1080 819 AElisige
1097 736 1257 800 minister

197 841 365 905 consensi.
422 838 765 922 ›14EgoWulfhelm
783 838 937 903 minister
953 837 1126 902 consensi.
1223 860 1232 874 ·

662 1005 784 1017 *-

601 1124 861 1191 ucxnvur.

549 1247 816 1352 ninmuun,
838 1274 915 1338 944.

257 1426 298 1506 ›1‹
319 1421 365 1487 ΙΝ
392 1421 528 1486 nomine
543 1422 598 1485 dei
613 1421 737 1486 summi
755 1430 790 1487 et
805 1421 965 1486 altissimi
981 1420 1087 1486 Ihesu
1104 1422 1256 1487 Christi!

202 1523 428 1588 Manifestum
450 1528 503 1586 est
522 1522 655 1587 cunctis
678 1522 770 1604 quod
795 1522 911 1586 omnia
937 1522 1100 1586 coelestia
1127 1529 1162 1586 et
1190 1529 1258 1586 ter·

202 1623 327 1688 restria
351 1621 571 1704 prouidentia
599 1622 654 1685 dei
679 1623 925 1704 gubernantur,
950 1641 1038 1705 quae
1060 1621 1260 1687 sollicitudo

204 1723 360 1788 mortalis
381 1722 475 1786 uitae
490 1722 574 1786 totis
600 1721 732 1785 nisibus
760 1723 796 1786 in
821 1740 979 1787 carorum
1003 1723 1260 1805 amicorumque

205 1822 388 1888 amissione
413 1822 636 1904 conqueritur
650 1841 691 1886 ao
706 1821 861 1887 defletur.
914 1821 999 1886 Ideo
1022 1823 1126 1888 certis
1152 1823 1260 1889 adsti-

203 1921 440 2006 pulationibus
466 1921 598 1986 mellita
626 1922 768 1986 oracula
789 1922 926 1986 diuinae
950 1923 1169 1988 clamationis
1198 1943 1260 1989 nos

205 2022 469 2105 frequentatiuis
486 2021 740 2087 hortationibus
757 2023 915 2100 suadent,
928 2028 968 2086 ut
982 2023 1126 2088 cumbis
1140 2023 1260 2106 fugiti-

205 2123 260 2187 uis
287 2130 322 2187 et
345 2123 420 2186 sine
445 2123 548 2186 dubio
583 2122 791 2187 transitoriis
816 2122 1104 2205 possessiunculis
1131 2125 1261 2208 iugiter

205 2241 367 2286 mansura
383 2242 502 2303 regna,
518 2222 573 2285 dei
589 2221 766 2304 suffragio,
783 2223 1005 2306 adipiscenda
1024 2230 1118 2288 sunt.
1164 2223 1260 2304 Qua-

206 2329 349 2405 propter
363 2342 428 2403 ego
445 2322 669 2386 Eadmundus
687 2319 887 2405 Anglorum·
902 2342 965 2386 rex
982 2324 1157 2406 quandam
1171 2327 1262 2407 regi·

209 2423 311 2487 minis
337 2422 403 2486 mei
429 2430 575 2505 partem,
599 2424 891 2488 consentientibus
914 2424 1079 2488 nobilium
1108 2443 1262 2490 meorum

211 2523 418 2605 agminibus
431 2523 568 2586 cuidam
583 2542 659 2587 meo
674 2522 768 2588 fideli
783 2522 941 2589 ministro
955 2523 1111 2588 uocitato
1126 2527 1264 2590 nomine

211 2622 391 2699 Wulirico,
408 2624 452 2686 ob
466 2622 561 2687 illius
585 2623 732 2690 amabile
750 2625 953 2707 obsequium
981 2624 1123 2708 eiusque
1145 2626 1263 2708 placa·

211 2723 272 2788 bili
289 2724 436 2805 pecunia
452 2742 555 2805 quam
581 2722 685 2787 michi
710 2724 747 2788 in
771 2743 855 2788 suae
882 2724 1077 2789 deuotionis
1098 2726 1264 2809 obsequio
1327 2743 1329 2748 ’

212 2822 348 2897 detulit,
364 2823 396 2885 ei
423 2822 570 2887 libenter
598 2823 777 2903 largiendo
806 2824 934 2888 donaui
960 2844 1031 2888 .xx.
1059 2844 1201 2891 mansas
1231 2827 1265 2890 in

212 2923 290 2987 loco
312 2922 373 2986 illo
398 2923 457 2986 ubi
482 2922 646 2987 solicolae
672 2922 765 2988 illius
782 2925 933 3004 regionis
950 2925 1107 2990 uocitant
1122 2925 1265 2991 AEsces-

213 3024 327 3106 byrig,
343 3030 383 3086 ut
397 3022 498 3100 hanc,
521 3023 602 3086 dum
625 3024 773 3107 procliui
797 3024 961 3107 temporis
978 3025 1088 3088 uitam
1114 3025 1265 3104 duxerit,

212 3129 382 3205 perpetua
415 3122 628 3187 haereditate
662 3124 836 3205 possideat
865 3144 943 3188 cum
971 3125 1143 3190 uniuersis
1178 3146 1268 3210 quae

215 3222 388 3304 pertinent
432 3223 509 3299 sibi,
553 3224 704 3305 pascuis,
745 3225 865 3306 pratis,
902 3224 1010 3302 siluis,
1055 3226 1269 3309 caeterisque

216 3321 447 3405 appendiciis3
475 3323 512 3387 in
530 3323 664 3387 cunctis
682 3323 829 3407 denique
844 3324 1074 3407 praefatulam
1091 3344 1269 3393 successo-

216 3422 310 3485 ribus
334 3422 460 3510 nostris
488 3421 554 3487 hoc
580 3423 708 3487 donum
730 3424 767 3486 in
794 3423 1039 3507 sempiternum
1056 3445 1168 3508 usque
1192 3448 1270 3510 per·

216 3529 356 3586 maneat
385 3523 513 3586 stilum.
568 3522 621 3587 Sit
641 3543 778 3605 quoque
805 3524 948 3589 liberum
977 3525 1137 3592 libertate
1167 3547 1269 3611 prae·

216 3623 289 3687 fixa
318 3623 362 3686 ab
393 3622 485 3686 omni
509 3621 592 3704 iugo
620 3624 749 3701 seruili,
780 3625 891 3689 tribus
916 3627 1168 3708 praetermissis
1201 3649 1270 3694 non

217 3722 449 3800 obmittendis,
468 3723 699 3806 expeditione,
715 3725 829 3806 pontis
850 3725 1121 3811 munitionisque
1138 3729 1271 3795 confec·

218 3823 322 3888 tione.
375 3821 651 3889 Aduenientibus
676 3824 785 3907 igitur
804 3824 999 3891 futurorum
1023 3828 1174 3911 plebium
1193 3850 1270 3896 coe·

217 3923 310 3986 tibus
359 3995 362 4000 ⁴
436 3921 444 3957 ¹
474 3924 666 4008 cuicunque
689 3925 847 3990 daemoni
881 3927 996 3992 calore
1021 3936 1153 3994 cartam
1181 3930 1272 3997 hanc

253 4087 260 4118 ¹
280 4088 294 4136 I
314 4088 379 4139 have
398 4091 462 4140 been
481 4091 574 4140 unable
590 4097 617 4142 to
632 4093 762 4156 decypher
778 4095 821 4145 the
835 4098 906 4147 word
922 4098 977 4149 that
996 4099 1088 4150 should
1107 4115 1208 4165 occupy
1221 4103 1271 4153 this

217 4171 309 4219 spece3
326 4159 373 4206 bnt
383 4159 425 4210 the
436 4160 519 4210 whole
531 4167 648 4213 sentence
659 4165 682 4214 is
693 4166 787 4228 clearly
799 4173 909 4230 corrupt.
