2888 4890
193 361 258 428 158
451 379 624 429 curnula
648 378 990 428 nncnosnxourosx.

195 538 362 619 nibusque
393 537 586 620 praesentis
619 536 713 600 uitae
742 536 921 601 curriculis
957 535 1084 600 cotidie
1113 552 1249 617 semper

193 637 508 702 subterlabentibus
533 655 686 719 suaeque
709 636 897 701 conditioni
919 635 1078 700 omnibus
1100 634 1248 699 uisibili·

192 739 258 801 bus
282 744 318 801 et
336 737 566 801 inuisibilibus
586 736 832 801 incuitabiliter
855 735 964 801 uelint
985 736 1096 800 nolint
1120 733 1247 799 cotidie

193 835 441 903 subdentibus!
495 837 716 919 Quapropter
745 857 810 918 ego
841 835 1023 912 lienward,
1052 836 1173 900 diuina
1197 833 1247 897 in-

192 936 357 1018 dulgente
372 937 564 1014 clementia,
582 934 897 1017 Angul·Saxonum
917 956 991 1012 rex,
1009 936 1126 999 omnia
1140 953 1246 1017 quae·

193 1056 330 1119 cunque
343 1037 437 1102 dicta
453 1043 514 1101 aut
530 1035 624 1100 facta
646 1034 702 1098 nel
721 1035 824 1099 etiam
844 1043 949 1118 pacta
968 1035 1100 1099 suntin
1117 1035 1246 1099 nostris
1267 1065 1269 1070 η

193 1137 404 1219 temporibus
423 1136 548 1200 relatui
565 1135 671 1217 digna
687 1154 751 1218 pro
766 1135 970 1200 necessitate
985 1134 1120 1198 animae
1137 1153 1245 1209 meae,

192 1243 228 1300 et
243 1255 306 1318 pro
321 1236 495 1300 communi
513 1243 631 1300 nostra
651 1235 869 1312 necessitate,
887 1254 1020 1299 necnon
1037 1235 1141 1299 etiam
1167 1235 1246 1297 sub-

192 1336 368 1417 sequentis
402 1335 616 1419 posteritatis
655 1342 805 1411 nostrae,
828 1334 1022 1399 litterarum
1059 1335 1246 1398 memoriae

192 1435 432 1499 commendare
456 1435 649 1517 procuraui‚
675 1453 719 1497 ne
744 1440 806 1498 aut
834 1433 932 1497 fusca
954 1431 1138 1498 obliuionis
1161 1433 1246 1498 cali-

192 1536 272 1618 gine
293 1535 503 1611 oblitterata,
522 1534 580 1598 uel
602 1533 737 1597 incuria
760 1534 968 1616 scriptorum
991 1540 1026 1598 et
1043 1535 1183 1598 testium
1207 1536 1243 1600 id

193 1641 319 1717 agente
336 1635 509 1716 ignorata,
523 1634 749 1716 regnantibus
770 1640 850 1716 post
870 1652 933 1697 nos
948 1639 984 1696 et
1005 1634 1079 1697 suis
1095 1635 1245 1717 optima·

194 1734 286 1799 tibus
311 1734 355 1798 ad
376 1734 456 1798 lites
484 1741 519 1798 et
546 1735 781 1798 contentiones
806 1733 849 1797 de
874 1739 1010 1798 caetero
1033 1733 1244 1803 denenirent.

193 1834 274 1913 Qua
288 1833 332 1897 de
348 1854 385 1897 re
402 1833 437 1897 in
452 1832 519 1896 hac
539 1834 672 1898 cartula
687 1834 922 1898 demonstrare
945 1852 1052 1896 conor
1065 1834 1158 1917 quod
1179 1856 1247 1918 ego

192 1954 271 1998 cum
291 1933 435 1998 consilio
456 1940 491 1998 et
511 1952 679 1997 consensu
694 1934 900 2017 optimatum
917 1952 1080 2014 meorum,
1098 1954 1245 2017 qnorum

192 2034 332 2098 nomina
350 2031 440 2096 infra
459 2033 590 2116 scripta
608 2041 701 2111 sunt,
722 2034 917 2098 libertatern
933 2032 1027 2097 illius
1047 2037 1247 2102 monasterii

192 2135 284 2218 quod
313 2134 488 2197 Saxonice
511 2133 652 2197 Tantun
680 2133 816 2211 dicitur,
845 2154 924 2197 cum
949 2134 1107 2198 omnibus
1135 2137 1179 2199 ad
1207 2157 1247 2202 se

192 2233 443 2317 pertinentibus
463 2233 568 2311 uillis,
591 2232 733 2314 campis,
757 2233 867 2309 siluis,
889 2234 1041 2316 pascuis,
1060 2234 1183 2316 pratis,
1209 2245 1247 2302 et

190 2333 337 2416 piscium
347 2334 513 2415 capturis,
523 2333 558 2396 in
570 2333 779 2415 sempiterno
794 2333 940 2415 graphio
955 2333 991 2395 in
1007 2333 1247 2403 cruceGhristi

193 2433 398 2498 Denewulfo
411 2433 573 2515 episcopo
590 2439 625 2496 et
646 2432 697 2495 illi
714 2431 903 2496 uenerabili
920 2431 1071 2497 familiae
1085 2434 1121 2497 in
1135 2433 1246 2500 Wen·

192 2540 275 2597 tana
289 2532 432 2597 ciuitate
450 2532 689 2608 commoranti,
707 2533 751 2596 ab
774 2532 931 2595 omnibus
951 2533 1125 2614 regalibus
1146 2534 1247 2601 lisca·

191 2633 282 2697 libus
299 2639 334 2697 et
350 2632 624 2708 commitialibus,
642 2651 775 2695 necnon
793 2639 828 2695 et
848 2632 892 2694 ab
912 2633 1070 2697 omnibus
1086 2635 1245 2701 mundia-

191 2732 281 2796 libus
300 2733 536 2796 taxationibus
557 2730 767 2814 expeditam,
789 2738 936 2814 excepta
957 2733 1188 2814 expeditione,
1210 2743 1247 2801 et

194 2834 283 2896 arcis
300 2838 336 2896 et
352 2833 466 2915 pontis
488 2831 752 2908 constructione,
769 2837 843 2894 toto
867 2832 991 2895 mentis
1008 2832 1132 2897 affectu
1146 2834 1242 2910 dedi;

194 2952 237 2996 ea
253 2931 447 2996 conditione
464 2950 532 3013 quo
549 2950 684 3014 semper
700 2931 893 3012 praefatum
910 2933 1153 2996 monasterium
1170 2955 1248 3018 per.

193 3033 302 3096 tineat
318 3036 422 3113 atque
439 3031 611 3095 deseruiat
623 3030 809 3112 episcopali
826 3032 898 3094 sedi
914 3032 949 3094 in
967 3031 1146 3097 Wintonia
1163 3035 1245 3098 ciui-

194 3138 267 3195 tate
284 3131 358 3195 sine
375 3130 447 3194 ulle
463 3130 698 3194 controuersia
712 3136 748 3193 et
764 3130 836 3193 sine
853 3130 1112 3214 disceptatione,
1128 3153 1192 3198 nec
1209 3135 1246 3199 in

194 3238 311 3295 nostro
336 3237 489 3312 tempore
516 3250 580 3294 nec
603 3230 708 3293 etiam
732 3230 775 3292 ab
802 3229 873 3292 ullo
895 3237 1011 3295 nostro
1033 3251 1243 3313 successore,

194 3330 280 3396 baec
297 3331 436 3394 donatio
452 3335 680 3394 commutetur
696 3335 757 3393 aut
771 3329 919 3393 uioletur
934 3331 970 3393 in
984 3318 1245 3413 sempiternum.

195 3431 263 3496 Sed
285 3438 321 3495 et
342 3430 409 3494 hoc
435 3429 542 3493 alacri
565 3430 679 3493 animo
698 3427 835 3493 Christo
861 3431 1013 3493 concessi
1031 3436 1071 3494 ut
1092 3433 1245 3516 episcopi

193 3531 359 3607 homines,
377 3537 449 3593 tam
468 3529 599 3593 nobiles
624 3547 727 3611 quam
742 3529 923 3610 ignobileS,
940 3529 976 3592 in
993 3531 1148 3612 praefato
1165 3553 1244 3599 rnre

194 3633 356 3714 degentes
377 3629 443 3693 boc
465 3630 555 3693 idem
574 3629 628 3691 ius
647 3628 792 3691 inomni
813 3628 976 3692 haberent
993 3630 1159 3712 dignitate
1176 3653 1245 3716 quo

194 3733 285 3813 regis
314 3730 469 3794 homines
503 3727 734 3810 perfruuntur,
765 3728 937 3809 regalibus
971 3729 1063 3793 fiscis
1094 3751 1245 3798 commo·

194 3837 321 3906 rantes,
343 3835 379 3893 et
401 3828 552 3892 omniurn
575 3827 801 3891 saecularium
819 3848 931 3892 rerum
948 3829 1074 3894 iudicia
1095 3832 1140 3894 ad
1162 3852 1245 3897 usus

195 3929 391 4013 praesulum
429 3934 655 3992 exerceantur
687 3928 805 3991 eodem
840 3926 941 3991 modo
977 3948 1045 4010 quo
1077 3932 1245 4013 regalium

195 4030 411 4111 negotiorum
442 4028 671 4092 discutiuntur
700 4027 837 4091 iudicia.
903 4027 1107 4093 Praedictae
1140 4032 1245 4097 etiarn

194 4129 298 4193 uillae
323 4129 591 4205 mercimonium,
612 4126 703 4210 quod
725 4125 873 4209 Anglice
894 4126 964 4193 bees
988 4119 1091 4193 tunes
1115 4123 1246 4224 cyping
