2888 4890
252 354 296 419 16
510 373 683 427 canarno
709 372 1051 422 nncnosnxonronn.

252 530 317 592 bus
341 530 418 594 aliis
443 531 545 595 rebus
571 530 614 594 ad
640 531 884 596 monasterium
913 531 1025 595 sancti
1042 530 1138 595 Petri
1154 528 1309 612 apostol-

251 649 349 693 orum
364 631 529 713 principis
543 630 586 693 de
602 629 804 713 Cerotcsegt
822 633 887 696 rite
909 632 1169 713 pertinentibus.
1221 629 1306 694 Om-

251 731 310 793 nia
333 730 440 810 igitur
455 731 490 794 in
506 731 650 795 circuitu
674 732 717 795 ad
741 732 956 815 praedictum
972 730 1217 796 monasterium
1231 750 1307 812 per-

252 829 398 894 tinentia
415 831 701 913 quemadmodum
725 851 747 895 a
767 852 822 896 me
837 832 966 896 donata
991 838 1074 896 sunt
1090 838 1126 895 et
1140 848 1307 895 concessa

250 937 287 993 et
314 931 517 995 confirmata
541 933 687 995 teneatis
713 938 748 996 et
774 932 992 1014 possideatis,
1019 939 1054 996 et
1078 931 1306 1014 quodcunque

251 1030 432 1095 uolueritis
449 1031 492 1094 de
506 1031 633 1095 eisdem
660 1031 759 1097 terris
776 1032 888 1096 facere
909 1039 979 1095 tam
997 1039 1036 1095 tu
1054 1050 1157 1113 quam
1175 1031 1306 1113 posteri

253 1130 305 1192 tui
336 1130 477 1194 liberam
512 1131 685 1196 licentiam
719 1131 888 1208 habeatis,
911 1151 1099 1213 numquam
1134 1149 1201 1208 me,
1233 1130 1305 1194 ullo

253 1236 418 1313 tempore,
436 1230 650 1313 haeredequc
666 1251 742 1296 meo
758 1239 878 1296 contra
895 1232 983 1296 hanc
1000 1231 1196 1296 donationis
1210 1249 1308 1295 meae

252 1330 421 1395 cartulam
447 1350 524 1394 esse
552 1332 718 1397 uenturis.
783 1330 884 1411 Quod
911 1333 941 1395 si
966 1332 1045 1414 quis
1071 1338 1194 1395 contra
1217 1330 1307 1396 banc

252 1430 471 1495 donationem
491 1450 603 1495 meam
629 1438 665 1496 et
690 1431 983 1496 confirmationem
1011 1433 1129 1496 uenire
1156 1437 1307 1515 tempta·

252 1531 353 1610 uerit,
368 1531 415 1594 sit
431 1530 487 1594 hic
502 1539 683 1613 separatus
706 1532 750 1595 ab
773 1532 866 1596 omni
885 1532 1051 1596 societate
1066 1531 1255 1596 christiana
1271 1537 1308 1595 et

253 1650 275 1694 a
298 1631 457 1695 coelestis
479 1630 577 1713 regni
599 1632 863 1714 participatione
885 1633 1052 1714 priuetur.
1104 1631 1151 1695 Et
1164 1638 1204 1695 ut
1221 1631 1308 1696 haec

253 1732 387 1795 cartula
418 1731 614 1795 donationis
645 1750 741 1795 meae
766 1739 803 1795 et
828 1732 1094 1796 confirmationis
1125 1731 1172 1795 sit
1196 1730 1308 1808 firma,

252 1831 386 1895 stabilis
410 1825 446 1895 e't
469 1832 684 1908 inconcussa,
707 1838 813 1896 testes
835 1839 875 1896 ut
904 1833 1158 1896 subscriberent
1185 1831 1310 1914 rogaui

252 1950 398 2012 quorum
414 1933 553 1996 nomina
570 1932 660 1995 infra
673 1939 755 1995 sunt
772 1951 920 1996 annexa.

304 2031 350 2096 Et
380 2052 445 2112 ego
475 2031 727 2095 Fritteuualdns
762 2032 822 2114 qui
857 2033 1004 2096 donator
1031 2050 1107 2095 sum
1134 2049 1308 2096 unacum

254 2130 501 2195 Erkcnuualdo
528 2133 653 2196 abbate
692 2133 829 2213 signum
859 2139 1001 2196 sanctae
1030 2131 1141 2196 crucis
1169 2132 1208 2213 ›1‹
1244 2151 1309 2215 pro

254 2232 451 2313 ignorantia
474 2231 652 2296 literarum
677 2233 846 2315 expressi.
898 2232 1041 2313 Signum
1070 2250 1193 2296 manns
1211 2230 1310 2297 Frit-

253 2332 340 2395 urici
354 2332 454 2396 testis
473 2333 529 2414 »1«.
586 2332 731 2413 Signum
748 2352 870 2396 manus
889 2333 978 2396 Ebbi
999 2332 1100 2396 testis
1121 2334 1177 2412 ᾖ.
1229 2332 1309 2416 Sig-

254 2452 334 2495 num
350 2451 472 2496 manus
491 2432 665 2514 Eguualdi
686 2433 785 2497 testis
804 2434 860 2515 »1«
912 2432 1057 2514 Signum
1073 2451 1195 2496 manus
1214 2432 1309 2497 Bad-

252 2532 372 2596 uualdi
397 2532 495 2597 testis
515 2535 570 2616 ἧς.
644 2533 787 2614 Signum
818 2552 940 2597 manus
968 2531 1100 2598 Ceaddi
1129 2533 1228 2597 tastis
1250 2535 1308 2614 ᾧ.

189 2709 193 2716 Ι
254 2631 421 2696 Similiter
459 2632 666 2698 Humsridus
699 2633 881 2716 episcopus
919 2641 1062 2714 rogatus
1101 2633 1145 2696 ab
1182 2634 1309 2697 abbate

255 2731 500 2796 Erkenuualdo
527 2753 632 2797 manu
661 2734 802 2816 propria
827 2733 1032 2815 subscripsit
1056 2734 1110 2815 »1«.
1173 2732 1220 2797 Et
1250 2733 1309 2797 isti

253 2839 333 2896 sunt
362 2833 538 2914 subreguli
558 2834 618 2915 qui
641 2853 760 2897 omnes
788 2834 978 2915 subsigno
1004 2852 1068 2896 suo
1096 2834 1309 2915 subscripse-

255 2941 345 2995 runt.
409 2932 553 3013 Signum
582 2952 705 2996 manus
732 2932 952 2997 Fribeuuoldi
984 2932 1084 2997 testis
1111 2934 1167 3015 »1«.
1229 2932 1308 3015 Sig-

256 3051 337 3094 num
359 3051 481 3095 manus
499 3032 613 3097 Osrici
641 3032 740 3097 testis
767 3035 822 3116 ἧς.
887 3033 1030 3114 Signum
1058 3052 1181 3096 manus
1208 3032 1309 3115 Wig·

255 3131 351 3195 herdi
370 3133 469 3196 testis
488 3134 544 3215 »1«.
596 3132 739 3214 Signum
758 3153 880 3197 manus
897 3132 1120 3198 AEtteluuoldi
1137 3133 1235 3197 testis
1251 3134 1307 3215 »1«.

307 3232 353 3295 Et
369 3241 408 3296 ut
423 3232 522 3297 firma
539 3233 586 3297 sit
599 3233 683 3297 haec
697 3233 837 3298 donatio
855 3241 889 3297 et
903 3233 1117 3297 confirmatio
1131 3234 1278 3310 stabilia,
1288 3253 1310 3297 a

255 3331 403 3397 Wlfario
420 3351 500 3414 rege
510 3333 764 3397 Marcianorum
780 3333 982 3398 confirmata
996 3339 1049 3396 cst
1064 3332 1148 3396 haec
1162 3333 1309 3412 cartula,

256 3451 335 3495 nam
353 3439 387 3496 et
401 3451 505 3515 super
522 3432 631 3497 altare
659 3434 774 3515 posuit
793 3453 931 3497 manum
949 3451 1047 3496 suam
1064 3433 1100 3495 in
1118 3432 1203 3496 uilla
1219 3452 1311 3517 quae

255 3539 401 3596 uocatur
433 3533 549 3599 Damu
588 3539 622 3596 et
655 3552 757 3597 manu
792 3553 855 3597 sua
887 3534 986 3615 signo
1022 3540 1165 3596 sanctae
1196 3534 1309 3598 crucis

253 3633 459 3714 subscripsit
477 3631 533 3712 ᾖ.
598 3632 691 3697 Acta
713 3642 795 3697 sunt
816 3633 900 3697 hacc
926 3635 1027 3697 iuxta
1052 3631 1173 3696 uillam
1187 3632 1310 3697 Fri'de·

255 3732 375 3796 uuoldi
393 3733 494 3795 iuxta
511 3732 745 3813 supradictam
769 3733 935 3798 fossatam
955 3731 1197 3813 Fullingadich
1218 3733 1309 3798 circa

255 3831 420 3895 kalendas
439 3830 603 3895 Marciae.

308 3931 369 3994 Dis
395 3932 426 3994 is
447 3919 528 3994 bare
553 3922 659 3995 uiuen
680 3922 764 3996 hida
784 3921 850 3995 boc
878 3919 917 3993 to
937 3928 1146 4012 Cerotesoge
1173 3933 1241 3996 and
1269 3923 1309 3998 to

256 4037 372 4113 Dorpe
397 4035 442 4095 Sc
469 4031 678 4095 Fri’6euuold
706 4031 791 4113 king
818 4029 943 4113 ybchte
973 4031 1087 4096 Criste
1109 4031 1176 4095 and
1199 4034 1309 4098 seinte

256 4133 360 4196 Petra
391 4131 459 4195 and
484 4131 726 4197 Erkenuuolde
754 4129 889 4195 abbude
929 4120 968 4194 tf)
1005 4130 1113 4195 fullon
1144 4125 1310 4199 frieddme
