2888 4890
454 392 630 442 ossanna
653 393 1001 445 nnonosnxourcnn.
1211 375 1255 440 87

199 570 281 616 num
311 571 437 617 manus
466 551 647 617 Hereferti
673 553 835 636 episcopi.
897 554 937 635 ›1‹
956 553 1102 633 Signum
1129 569 1253 614 manns

197 651 323 718 Hunos
339 653 515 737 praefecti.
573 654 612 735 ›1‹
637 653 782 735 Signum
804 672 927 717 manus
950 651 1125 716 Monnede
1151 669 1252 733 prae·

196 751 289 817 fecti.
333 754 374 836 ›1‹
394 753 538 835 Signum
551 772 675 817 manus
691 752 888 834 Burghardi
904 751 1080 835 praefecti.
1121 751 1160 832 ›1‹
1175 749 1254 832 Sig-

195 870 278 916 num
305 872 429 918 manus
458 852 646 920 Uulfhardi
675 852 851 936 praefecti.
900 855 939 936 ›1‹
963 851 1108 935 Signum
1130 870 1252 914 manus

196 950 394 1018 W-shelmes
414 953 590 1037 praefecti.

670 1247 797 1313 Mxn.

368 1394 698 1464 Ancflnrsflor
723 1368 972 1476 cucuron,
995 1395 1071 1462 aar.

250 1550 290 1629 ᾧ
323 1544 529 1612 Rucuma
550 1547 586 1611 in
608 1555 812 1632 perpetuum
835 1547 972 1612 domino
995 1556 1114 1611 nostro
1143 1547 1247 1611 Ihesn

197 1644 356 1712 cbristo!
375 1646 496 1713 Sermo
518 1648 591 1713 sine
609 1648 712 1712 serris
731 1649 978 1730 scripturarum
993 1645 1130 1712 difficile
1152 1668 1248 1713 seru·

195 1753 287 1823 atur,
305 1753 341 1811 et
357 1747 522 1829 cogitatio
539 1747 753 1813 inculcabilis
771 1749 902 1831 absque
921 1747 1114 1812 litterarum
1132 1749 1247 1812 calcu-

194 1846 251 1924 lis,
266 1846 327 1911 sed
348 1866 447 1911 omne
461 1848 553 1931 quod
570 1847 744 1913 obliuione
760 1848 909 1913 traditur
926 1848 1090 1911 memoria
1107 1848 1246 1913 labitur.

197 1940 283 2011 Ideo
300 1966 384 2028 ergo
405 1947 591 2030 prudentes
608 1956 644 2013 et
668 1948 842 2032 sapientes
858 1948 986 2030 quique
1004 1966 1124 2011 eorum
1141 1949 1248 2012 uerba

195 2053 232 2112 et
247 2046 477 2128 cogitationes
489 2055 525 2112 et
539 2056 638 2113 actus
652 2049 763 2113 bonae
779 2048 962 2112 memoriae
974 2046 1012 2111 in
1029 2048 1247 2113 membranae

194 2146 328 2212 sedulis
337 2147 518 2212 literarum
528 2149 631 2225 notio,
644 2148 810 2231 prouidae
824 2149 949 2212 mentis
964 2147 1167 2228 sagacitate,
1185 2167 1245 2211 cu·

194 2246 286 2312 riose
296 2248 534 2313 commendare
548 2248 673 2325 solent,
687 2267 730 2313 ne
745 2249 898 2313 uenturis
909 2247 1151 2330 progenierum
1165 2266 1245 2328 pos-

195 2347 279 2413 teris
289 2346 325 2411 in
339 2347 492 2430 aliquam
506 2347 783 2431 praecedentium
801 2347 1045 2413 diffinicionum
1060 2347 1245 2411 obliuionis

194 2466 338 2512 causam
352 2448 409 2512 uel
424 2448 460 2512 in
476 2450 645 2533 superbae
661 2448 949 2532 praesumptionis
963 2447 1246 2530 disceptationem

195 2566 374 2630 erumpere
388 2548 556 2613 ualerent.
602 2547 683 2628 Qua
697 2549 740 2612 de
765 2568 803 2613 re
824 2569 891 2632 ego
913 2546 1106 2613 Ceolnodus
1132 2549 1247 2629 gratia

194 2646 251 2712 dei
281 2646 560 2731 archiepiscopus
586 2648 676 2713 dabo
704 2655 740 2714 et
769 2649 919 2714 concedo
944 2668 1040 2712 meae
1072 2647 1163 2712 fideli
1193 2648 1245 2712 fa·

194 2746 312 2811 miliae
328 2747 366 2812 in
392 2748 608 2814 Dorobernia
633 2749 776 2815 ciuitate
796 2750 948 2833 aliquam
974 2755 1108 2832 partem
1133 2756 1245 2813 terrae

194 2847 280 2911 iuris
295 2848 364 2911 mei
383 2847 421 2912 in
440 2847 621 2932 prouincia
639 2847 804 2928 Kantiae,
821 2849 886 2914 hoc
903 2857 958 2914 est
979 2851 1048 2914 duo
1069 2855 1187 2915 aratra
1208 2849 1244 2913 in

185 2946 270 3012 ‘loco
303 2947 364 3031 qui
393 2957 540 3014 uocatur
566 2949 779 3031 Langeduue
807 2951 1063 3032 notissimisque
1090 2950 1244 3013 terminis

192 3048 526 3127 circumiacentibus,
557 3050 628 3113 illis
659 3049 877 3114 concedendo
908 3051 1075 3114 donamus
1109 3050 1153 3113 ad
1184 3049 1244 3112 ha·

192 3146 308 3212 benda
331 3155 369 3213 et
389 3149 597 3232 possidenda
618 3149 787 3214 foeliciter
806 3157 842 3214 et
866 3151 903 3214 in
929 3150 1002 3214 dies
1026 3168 1144 3213 eorum
1165 3169 1242 3231 per·

192 3247 351 3326 menda,
368 3248 510 3313 liberam
527 3270 589 3332 per
603 3251 720 3313 omnia
731 3249 883 3314 habeant
897 3256 1103 3332 potestatem
1122 3268 1242 3330 quam-

191 3346 252 3412 diu
265 3345 455 3415 christiana
469 3348 554 3413 fides
565 3350 601 3414 in
617 3356 710 3414 terra
722 3358 892 3427 seruatur,
903 3349 1123 3413 aeternaliter
1137 3349 1245 3414 libera

192 3455 405 3531 permaneat.
471 3448 552 3514 Hoc
583 3451 765 3534 ipsumque
796 3450 955 3514 omnibus
986 3451 1243 3513 successoribus

191 3547 277 3613 meis
299 3547 484 3613 obseruare
500 3541 750 3632 praecipimus3
768 3551 879 3632 etqui
901 3548 1049 3614 uoluerit
1067 3548 1131 3612 hoc
1146 3569 1242 3613 seru·

191 3660 263 3725 are3
280 3655 439 3712 'seruetur
453 3647 506 3711 illi
522 3650 731 3732 sempiterna
746 3650 800 3713 dei
817 3649 1063 3732 omnipotentis
1082 3649 1241 3712 benedic·

192 3747 243 3812 tio
269 3746 326 3812 bic
347 3754 384 3813 et
405 3748 441 3812 in
471 3748 600 3814 futuro.
668 3749 705 3813 Si
736 3769 829 3826 uero,
857 3749 950 3832 quod
974 3769 1043 3813 non
1069 3755 1241 3828 optamus,

190 3846 320 3930 aliquis
332 3846 435 3913 homo
450 3848 622 3913 diabolica
635 3850 829 3913 temeritate
844 3867 949 3912 ausus
965 3847 1166 3923 surrexerit,
1181 3849 1241 3929 qui

191 3946 283 4012 banc
313 3956 468 4013 nostram
499 3948 720 4013 donationem
753 3948 968 4030 confringere
995 3947 1052 4012 uel
1083 3947 1118 4008 in
1147 3946 1241 4010 aliud

187 4053 390 4112 conuertere
406 4067 511 4131 quam
525 4068 547 4113 a
563 4049 663 4113 nobis
679 4048 902 4113 constitutum
920 4055 984 4125 est,
1002 4049 1089 4111 sciat
1104 4066 1142 4109 se
1160 4056 1241 4112 ante

188 4147 342 4215 tribunal
357 4149 490 4215 aeterni
511 4148 634 4215 iudicis
658 4149 824 4214 rationem
840 4168 916 4212 esse
933 4148 1156 4224 redditurum,
1175 4149 1240 4211 nisi
