2888 4890
383 361 557 410 cnunrnn
579 363 927 416 nunnosnxomcnu.
1142 355 1185 419 21

126 522 234 580 testas
260 525 296 581 et
321 518 501 601 imperium
530 542 592 605 per
621 522 755 588 infinita
785 525 1002 589 saeculorum
1033 529 1183 608 saecula,

127 615 249 680 Amen.
295 617 387 683 Acta
403 633 456 684 est
472 621 556 685 haec
572 624 730 704 praefata
753 624 892 689 donatio
919 635 953 690 et
969 627 1184 695 confirmatio

126 736 217 781 anno
232 717 424 784 dominicae
439 721 684 787 incarnationis
702 740 917 791 .ncc.xxv11.

177 817 253 900 Ego
274 819 526 885 Frittenualdus
557 823 705 888 donator
734 844 802 889 nna
829 846 907 890 cum
935 825 1181 894 Erkenuualdo

126 918 392 1001 subscripsimus
419 924 459 1002 ›1‹
480 930 515 985 et
537 930 576 985 ut
598 922 729 986 firmius
756 924 841 1005 haec
868 927 1010 992 donatio
1040 937 1075 993 et
1100 949 1182 994 con·

125 1016 274 1083 firmatio
304 1021 438 1084 stabilis
465 1020 563 1085 fieret
594 1022 787 1089 aniario
818 1046 899 1109 rege
929 1027 1182 1094 Mennianorum

124 1117 209 1182 haec
234 1122 370 1185 cartula
386 1121 591 1187 confirmata
612 1130 676 1200 est,
699 1143 779 1188 nam
803 1133 838 1190 et
868 1128 903 1190 in
930 1127 1040 1192 altare
1067 1131 1183 1212 posuit

125 1239 264 1283 manum
292 1239 390 1285 suam
416 1221 451 1285 in
478 1222 562 1287 uilla
592 1243 681 1306 quae
705 1233 852 1290 uocatur
868 1227 993 1305 Tamu,
1016 1237 1051 1293 et
1077 1250 1182 1294 manu

125 1339 189 1382 sua
212 1321 355 1402 propria
382 1322 482 1403 signo
507 1332 649 1390 sanctae
671 1326 783 1390 crucis
799 1328 1002 1410 subscripsit
1020 1329 1075 1410 »1«.
1127 1329 1181 1393 Si·

125 1420 249 1484 militer
267 1421 474 1486 Humfridus
496 1424 679 1508 episcopus
703 1434 846 1509 rogatus
869 1430 913 1493 ab
935 1427 1182 1495 Erkenuualdo

124 1540 228 1584 manu
243 1524 384 1606 propria
400 1525 605 1607 subscripsit
624 1527 679 1608 ἧς.

465 1848 861 1915 DCCCCLXXXIX.

336 1980 604 2047 *HLODARI
628 1981 693 2046 OF
718 1981 868 2060 KENT,
890 1982 967 2047 678.

181 2133 220 2214 ›1‹
241 2132 287 2196 ΙΝ
314 2132 449 2196 nomine
478 2131 607 2196 domini
635 2132 744 2196 nostri
773 2131 880 2196 Ihesu
903 2130 1032 2195 Christi
1063 2130 1180 2196 salna-

126 2232 234 2296 toris!
281 2232 358 2314 Ego
376 2231 548 2297 Lo’darius
570 2251 633 2296 rex
652 2231 918 2296 Cantuariornm
944 2250 1032 2295 anno
1056 2238 1180 2312 quarto

126 2333 223 2414 regni
246 2334 369 2409 nostri,
398 2333 586 2396 indictione
612 2348 670 2397 .vr.
699 2332 947 2395 cumconsilio
974 2330 1181 2395 uenerabilis

125 2432 373 2516 archiepiscopi
414 2432 588 2496 Theodori
630 2439 735 2514 atque
780 2451 950 2496 consensu
992 2433 1180 2514 primorum

125 2533 291 2610 meorum,
314 2541 441 2598 terram
470 2552 559 2616 qnae
587 2531 713 2595 dicitur
741 2532 777 2595 in
802 2532 974 2596 Sudaneie
1007 2532 1100 2595 intra
1127 2532 1180 2594 in·

125 2633 236 2697 sulam
261 2639 388 2711 Danet,
413 2653 503 2717 quae
529 2640 565 2697 et
587 2633 740 2697 continet
771 2633 915 2715 antiquo
942 2633 1015 2696 iura
1045 2648 1178 2696 .xu1111.

125 2741 314 2812 manentes,
342 2735 467 2817 quibus
495 2734 596 2797 modo
625 2733 816 2796 addidimus
843 2739 974 2797 curtem
1004 2748 1081 2796 .xl1.
1107 2752 1180 2797 ma·

125 2841 245 2898 nentes
268 2835 462 2912 habentem,
490 2834 583 2897 ultra
613 2833 761 2897 insulam
791 2835 827 2897 in
860 2833 936 2897 loco
960 2833 1028 2914 ·qui
1055 2832 1180 2897 dicitur

125 2933 286 3016 Sturgeh,
303 2955 381 2998 cum
407 2935 505 2999 siluis
536 2942 571 2998 et
593 2934 789 3016 paludibus,
814 2953 892 2997 cum
920 2932 1116 2996 fluminibus
1144 2943 1180 2998 et

124 3034 289 3112 fontibus
305 3049 385 3099 cum
407 3035 516 3117 pratis
544 3041 579 3098 et
601 3034 777 3117 pomariis,
797 3053 875 3098 cum
897 3033 1054 3097 domibus
1078 3052 1179 3097 cunc·

123 3137 236 3218 tisque
261 3135 477 3212 utensilibus
500 3142 534 3198 et
559 3136 715 3198 omnibus
744 3134 787 3197 ad
817 3134 959 3197 eandem
980 3133 1179 3215 pertinenti-

123 3237 188 3299 bus
214 3238 329 3313 rebus,
355 3236 391 3298 in
415 3236 493 3319 ipsa
522 3237 718 3319 quantitate
744 3235 835 3299 sicut
860 3235 1051 3318 antiquitus
1083 3234 1179 3316 prin·

121 3336 216 3418 cipes
246 3355 268 3400 a
298 3336 436 3417 regibus
464 3335 530 3399 sibi
557 3335 783 3418 perdonatam
815 3335 1018 3410 habuerant,
1042 3334 1178 3398 AEbbae

122 3436 318 3500 abbatissae
343 3437 418 3499 iure
439 3435 695 3501 aecclesiastico
722 3455 763 3499 ac
784 3434 1029 3510 monasteriali,
1049 3442 1085 3497 et
1102 3435 1178 3517 qui·

121 3537 334 3618 bnscumquc
359 3537 614 3600 successoribus
644 3538 721 3619 ipsa
751 3536 902 3599 uoluerit
931 3535 1177 3619 derelinquere,

120 3643 256 3701 tantum
282 3638 317 3699 in
335 3636 485 3714 domino,
499 3637 536 3700 in
562 3638 810 3720 sempiternum
833 3634 1074 3719 possidendam
1098 3655 1175 3717 per-

121 3736 310 3815 donamus3
334 3737 385 3802 ita
401 3744 441 3802 ut
458 3757 520 3801 nec
543 3738 642 3801 nobis
664 3758 727 3802 uec
749 3737 922 3820 aliquibus
939 3754 1177 3799 successorum

121 3845 317 3902 nostrornm
346 3857 478 3917 regum,
508 3838 581 3902 siue
609 3838 801 3922 principum
823 3844 885 3902 aut
910 3837 1014 3900 etiam
1045 3835 1177 3898 aeccle-

121 3938 338 4001 siasticarum
367 3937 574 4021 dignitatum
605 3938 781 4020 gradibus,
809 3937 940 4002 nefario
971 3936 1177 4001 temeritatis

121 4057 221 4115 ausu,
239 4039 425 4120 aliquando
447 4037 632 4120 infringere
649 4038 706 4102 uel
724 4039 910 4103 diminuere
928 4035 1057 4117 aliquid
1075 4036 1177 4099 deca

120 4139 244 4218 liccat3
268 4138 328 4201 sed
356 4159 419 4221 pro
442 4140 591 4204 remedio
614 4140 749 4205 animae
771 4158 868 4214 meac
901 4145 935 4202 et
958 4136 1176 4210 absolutione
