2888 4890
191 349 235 412 72
446 366 619 415 curer-en
641 366 989 417 nuunosnxorucnn.

612 620 838 688 MXXXII.

287 769 617 838 ARGHBISHOP
640 769 905 848 WULFRED,
928 768 1014 853 July
1028 768 1084 847 23,
1102 767 1179 835 824.

256 923 295 1003 ›1‹
315 921 361 986 Iu
379 921 516 985 nomine
530 919 659 985 domini
675 919 785 985 nostri
799 919 905 984 Ihesu
921 916 1050 982 Christi
1067 917 1255 982 saluatoris

200 1022 335 1086 mundi!
389 1020 442 1085 Ea
472 1039 561 1103 quae
588 1021 775 1084 secundum
797 1019 935 1084 decreta
960 1038 1130 1084 canonum
1157 1017 1254 1082 salu·

199 1122 307 1186 briter
323 1120 536 1200 diffiniuntur
557 1127 672 1185 tamen
694 1120 732 1184 in
755 1121 914 1185 obscerta
937 1117 1064 1183 futuris
1088 1117 1254 1200 tempori-

199 1222 265 1285 bus
278 1219 466 1286 uarietate¹
481 1220 688 1285 fidelissimis
704 1220 885 1303 scripturis
903 1218 1158 1282 admemoriam
1172 1225 1257 1283 sunt

201 1321 447 1385 confirmanda.
500 1320 639 1385 Placuit
657 1321 775 1404 itaque
791 1319 971 1384 Wolfredo
995 1318 1256 1401 archiepiscopo

202 1423 343 1505 eiusque
367 1420 530 1494 familiae,
547 1439 636 1503 quae
658 1421 726 1486 sita
744 1420 849 1485 estin
866 1419 1008 1483 ciuitate
1025 1419 1256 1497 Dorobernia,

202 1521 355 1605 aliquam
373 1520 647 1585 uicissitudinem
671 1529 838 1585 terrarum
855 1519 946 1584 inter
960 1539 998 1583 se
1015 1518 1154 1597 habere,
1171 1519 1256 1602 quia

202 1620 417 1685 commodum
438 1640 484 1684 ex
502 1627 649 1704 utraque
672 1627 772 1703 parte
798 1638 874 1684 esse
888 1627 1139 1704 perspexerunt
1160 1639 1256 1684 com·

204 1721 299 1784 muni
329 1720 487 1798 concilio,
518 1720 663 1786 daturus
696 1719 878 1803 episcopus
914 1721 974 1784 sui·
1006 1719 1138 1803 proprii
1170 1720 1257 1785 iuris

204 1826 331 1884 terram
358 1821 510 1903 quinque
537 1828 731 1884 aratrorum
765 1821 823 1884 ubi
853 1820 1050 1885 nominatur
1068 1817 1257 1901 Agc’dorne

204 1927 240 1984 et
257 1920 468 2001 Langedune
491 1939 569 1984 cum
591 1920 750 1984 omnibus
773 1921 893 1984 usibus
922 1920 966 1984 ad
991 1939 1029 1984 se
1055 1919 1121 1983 rite
1146 1921 1255 2003 perti·

204 2021 377 2098 uentibus,
399 2026 434 2084 et
461 2020 580 2084 eadem
606 2019 767 2084 libertate
791 2039 896 2104 quam
914 2025 994 2084 ante
1016 2019 1197 2098 habuerat,
1213 2020 1257 2085 ad

204 2120 407 2184 aecclesiam
423 2119 553 2185 christi
577 2118 612 2183 in
638 2120 813 2203 propriam
831 2127 1040 2203 potestatem
1062 2126 1098 2184 et
1120 2119 1155 2184 in
1178 2140 1258 2203 per·

204 2227 345 2303 petuam
374 2220 636 2303 possessionem.
687 2219 772 2285 Pari
796 2221 898 2284 modo
922 2219 1101 2302 praedicta
1128 2219 1261 2287 familia

206 2320 348 2384 dederat
382 2319 643 2402 praenominato
675 2320 837 2403 episcopo
869 2319 972 2383 simili
1001 2321 1260 2402 comparatione

206 2428 333 2484 terram
349 2420 495 2484 duorum
518 2419 577 2483 ubi
600 2420 726 2484 dicitur
741 2418 912 2484 Bereham
941 2426 977 2484 et
991 2419 1262 2503 Su’dberhtinge·

206 2519 287 2584 land
303 2539 381 2584 cum
396 2519 554 2583 omnibus
570 2520 689 2584 usibus
706 2520 751 2584 ad
768 2539 843 2584 eam
864 2519 930 2584 rite
944 2520 1208 2603 pertinentibus,
1225 2529 1262 2588 et

206 2621 242 2683 in
257 2639 295 2684 se
312 2620 530 2698 habentibus,
543 2639 621 2684 cum
638 2620 758 2684 eadem
773 2619 933 2684 libertate
948 2639 1052 2702 quam
1064 2621 1101 2684 in
1116 2621 1262 2704 antiqua

206 2721 342 2785 cartula
354 2719 573 2784 cernentibus
589 2720 763 2804 adscripta
775 2720 977 2796 dinoscitur,
989 2721 1033 2784 ad
1051 2720 1259 2800 habendum,

207 2820 460 2902 possidendum,
488 2820 545 2884 uel
571 2821 676 2884 etiam
702 2827 783 2903 post
808 2840 845 2885 se
872 2819 1065 2903 cuicunque
1090 2820 1262 2905 placuerit

208 2919 524 3001 derelinquendum,
538 2919 573 2982 in
595 2927 797 3002 perpetuam
812 2920 1074 3002 possessionem.
1126 2921 1261 2986 Tamen

208 3018 288 3083 huic
308 3019 495 3082 conditioni
508 3019 597 3083 inter
608 3038 671 3084 nos
688 3021 912 3103 compositae,
929 3020 959 3084 si
975 3020 1068 3085 aliud
1084 3022 1128 3085 ab
1143 3021 1261 3105 aliquo

209 3118 425 3183 subtrahitur
440 3119 628 3196 secundum
649 3139 804 3184 normam
827 3120 1024 3203 aequitatis,
1046 3120 1148 3187 alteri
1163 3123 1262 3187 inno-

209 3219 301 3283 centi
324 3219 398 3282 sine
423 3218 646 3283 altercatione
669 3221 733 3298 sui
744 3221 873 3304 proprii
888 3221 971 3285 iuris
988 3221 1201 3286 condonetur
1216 3223 1262 3287 ad

209 3318 390 3400 imperium
415 3323 486 3381 tam
517 3319 662 3383 liberum
688 3321 778 3384 sicut
804 3321 899 3402 prius
925 3328 1104 3403 acceptum
1135 3320 1261 3388 fuerat.

210 3417 248 3481 Si
266 3419 343 3502 quis
359 3418 551 3499 interrogat
567 3439 674 3502 quare
693 3420 878 3502 primitiuis
894 3420 1123 3503 cyrographis
1135 3421 1263 3488 incisse

211 3517 406 3596 noluerunt,
423 3518 510 3581 seito
525 3519 618 3600 quod
632 3520 669 3583 in
683 3520 733 3583 eis
751 3520 937 3585 multorum
953 3540 1115 3602 agrorum
1131 3523 1266 3589 numeri

215 3623 474 3699 rongregentur,
500 3638 564 3700 pro
588 3638 657 3702 qua
685 3620 790 3683 etiam
820 3640 926 3685 causa
954 3621 1003 3684 nil
1022 3621 1134 3702 magis
1159 3640 1266 3705 appe-

209 3725 282 3782 tere
297 3717 530 3797 desiderantes
544 3718 602 3782 sed
617 3739 695 3784 cum
706 3719 855 3803 propriis
868 3720 1121 3787 haereditatum
1134 3720 1262 3786 libellis

209 3817 380 3881 seruanda
398 3817 471 3880 fieri
494 3818 629 3882 cautius
652 3819 886 3885 consiliantes,
939 3819 1002 3884 Hii
1023 3828 1105 3884 sunt
1123 3823 1263 3888 termini

208 3916 345 3980 illorum
372 3936 534 3998 agrorum
560 3927 624 3983 etc.
689 3918 727 3982 Si
756 3920 834 4002 quis
865 3927 981 3984 autem
1007 3921 1096 3984 hanc
1124 3921 1261 3985 uicissi-

210 4016 362 4080 tudinem
385 4017 482 4080 uisus
502 4017 604 4081 fuerit
625 4036 776 4098 seruare,
795 4028 953 4084 seruetur
970 4021 1002 4084 ei
1021 4027 1162 4084 aeterna
1185 4023 1266 4087 bea·

276 4140 283 4171 ¹
301 4143 343 4192 Sic
357 4143 427 4204 MS.;
439 4145 496 4193 read
511 4144 543 4192 ob
555 4145 676 4195 incertam
688 4145 829 4197 futurorum
841 4153 980 4211 temporum
992 4148 1151 4211 uarietatem,
1163 4153 1211 4200 etc.
