2888 4890
449 352 622 401 oHAR'rAR
648 351 991 399 annnosnxoulcls.
1181 331 1246 397 127

190 511 312 593 ipwael
347 511 461 595 hylle;
499 511 598 575 aester
627 497 749 573 strate
781 508 818 571 in
849 508 1005 580 bennuc;
1040 512 1175 571 benene
1206 507 1241 568 in

191 631 301 692 rugan
320 603 528 686 maedewam
554 612 594 675 os
605 629 715 691 rugen
731 597 923 673 maedewan
939 614 1011 673 ’dect
1029 607 1077 672 eft
1092 627 1136 671 on
1152 611 1243 671 bone

191 700 316 777 blacan
331 721 404 796 pyt.

615 986 822 1073 Mnxvn.

322 1153 344 1197 ι·
357 1154 570 1220 musano
588 1155 652 1220 ou
668 1152 886 1231 wssssx,
904 1152 1104 1219 sse-sss.¹

247 1304 286 1384 *l*
310 1303 387 1367 Eeo
412 1303 600 1383 AElfredus,
613 1304 729 1368 diuino
754 1324 905 1381 munere,
923 1303 1040 1368 labore
1065 1323 1106 1366 ac
1128 1303 1242 1369 studio

193 1401 371 1467 AEttelredi
388 1404 647 1488 archiepiscopi,
668 1425 800 1469 necnon
821 1405 928 1468 totius
946 1404 1047 1468 West
1069 1404 1244 1469 Saxoniae

192 1503 384 1567 nobilitatis
407 1524 576 1569 consensu
596 1506 726 1588 pariter
745 1513 780 1569 et
797 1523 951 1580 assensu,
967 1503 1242 1568 Occidentalium

194 1603 373 1668 Saxonum
391 1625 465 1681 rex,
480 1624 568 1687 quos
591 1605 626 1667 in
647 1604 881 1669 testimonium
899 1623 996 1668 meae
1017 1604 1159 1668 ultimae
1182 1625 1243 1669 uo-

193 1703 338 1769 luntatis
360 1704 600 1786 complementi
623 1713 662 1768 ut
685 1705 755 1768 sint
774 1703 937 1768 aduocati
958 1704 995 1768 in
1020 1705 1242 1788 disponendis

193 1825 258 1887 pro
272 1804 384 1869 salute
405 1805 540 1869 animae
553 1824 662 1881 meae,
680 1803 790 1886 regali
803 1804 968 1868 electione
990 1805 1154 1868 confirmo
1170 1812 1241 1869 tam

194 1906 237 1969 de
258 1903 469 1969 haereditate
493 1924 597 1987 quam
625 1905 710 1968 deus
736 1924 778 1969 ac
799 1904 970 1987 principes
995 1912 1072 1968 cu'm
1101 1905 1243 1970 seniori·

163 1999 166 2005 ’
194 2006 260 2069 bus
282 2003 402 2088 populi
422 2004 687 2069 misericorditer
712 2023 753 2068 ac
777 2005 924 2085 benigne
944 2004 1123 2082 dederunt,
1138 2025 1242 2088 quam

195 2105 238 2170 de
267 2104 479 2169 haereditate
511 2125 614 2187 quam
651 2114 750 2188 pater
784 2124 881 2169 meus
913 2103 1148 2169 AE’oelwulfus
1179 2124 1243 2170 rex

197 2205 295 2270 nobis
315 2206 426 2269 tribus
445 2205 611 2270 fratribus
633 2205 820 2287 delegauit,
842 2203 1003 2269 uidelicet
1023 2204 1242 2282 AEttelbaldo,

191 2303 378 2385 -AEseredo,
399 2313 435 2369 et
448 2305 552 2380 mihi;
575 2306 627 2370 ita
643 2306 735 2388 quod
758 2306 818 2388 qui
832 2314 984 2369 nostrum
1008 2305 1137 2369 diutius
1154 2305 1245 2370 foret

196 2412 384 2489 superstes,
399 2404 457 2470 ille
479 2406 585 2470 totius
601 2407 698 2488 regni
712 2406 864 2471 dominio
884 2405 1137 2488 congauderet3
1161 2415 1196 2469 et
1212 2406 1243 2470 si

196 2507 382 2588 contigerit
406 2505 498 2589 quod
523 2505 703 2570 AEtielbald
728 2506 976 2589 primogenitus
1001 2506 1111 2587 patris
1134 2507 1243 2569 nostri

196 2608 326 2690 primus
345 2606 380 2670 in
396 2605 470 2670 lata
490 2605 687 2683 decesserit,
705 2612 789 2670 tunc
807 2617 1031 2687 recognoscat
1049 2605 1242 2670 AEtteredus

198 2727 276 2772 cum
297 2706 405 2772 totius
419 2704 522 2771 West
542 2706 716 2770 Saxoniae
736 2706 924 2782 nobilitate,
942 2705 1033 2788 qnod
1056 2705 1126 2768 sint
1145 2706 1244 2769 nobis

196 2809 233 2872 in
243 2813 351 2872 testes
362 2807 405 2871 de
420 2813 559 2870 nostrae
574 2807 741 2889 portionis
756 2807 792 2869 in
804 2826 910 2887 regno
923 2804 1197 2887 participatione,
1206 2805 1243 2869 in

197 2909 252 2973 die
274 2907 502 2972 coronationis
518 2906 695 2971 AEttelredi
716 2908 808 2988 regis
830 2926 931 2988 quem
948 2905 984 2969 in
1002 2923 1117 2986 regem
1140 2924 1244 2987 super

197 3028 259 3073 nos
278 3015 359 3091 post
383 3014 527 3071 mortem
545 3006 739 3071 AEiielbaldi
758 3006 874 3070 fratris
896 3005 1005 3070 nostri
1024 3004 1243 3087 primogeniti

194 3110 327 3190 erigere
356 3115 432 3172 toto
456 3113 575 3171 nostro
607 3107 786 3170 conamine
816 3106 1028 3181 insistemus,
1056 3104 1242 3169 secundum

196 3208 484 3274 assecurationem
499 3227 603 3289 quam
619 3206 797 3270 nobiscum
814 3206 959 3270 fideliter
975 3205 1065 3279 fecit,
1083 3204 1244 3270 uidelicet

196 3308 289 3394 quod
311 3308 402 3373 idem
419 3327 482 3372 rex
498 3307 693 3372 AEtteredus
714 3314 850 3371 nostras
870 3306 1127 3369 distributiones
1145 3306 1244 3369 nobis

196 3428 271 3475 esse
287 3408 513 3493 permitteret,
529 3409 620 3473 sicut
640 3427 700 3472 eas
721 3406 904 3472 habuimus
918 3414 1000 3470 ante
1015 3405 1124 3488 ipsius
1139 3403 1244 3469 AEbe·

196 3510 270 3576 redi
296 3509 414 3575 fratris
440 3510 549 3574 nostri
574 3508 763 3592 postgeniti
783 3506 1059 3578 coronationem
1094 3505 1244 3571 fidelitas

194 3629 280 3675 uero
303 3610 481 3674 nobiscum
505 3610 647 3692 abipso
668 3609 839 3691 promissa
862 3606 904 3670 de
929 3605 1156 3670 haereditaria
1178 3607 1245 3671 dis-

195 3711 382 3776 tributione
418 3717 494 3774 erat
530 3709 632 3773 modo
666 3707 848 3779 consimili
880 3706 1049 3782 confecta,
1086 3706 1246 3771 uidelicet

196 3809 289 3895 quod
313 3809 356 3874 de
380 3809 480 3873 terris
507 3817 543 3873 et
567 3809 726 3872 dominiis
751 3827 840 3890 quae
861 3827 924 3871 rex
952 3806 1027 3889 ipse
1051 3806 1246 3872 AEtleredus

195 3911 288 3976 omni
310 3915 428 3974 nostro
450 3908 622 3972 iuuamine
645 3915 679 3972 et
701 3914 875 3990 potestate
900 3907 1145 3990 hominumque
1167 3928 1245 3972 nos·

196 4019 328 4077 morum
344 4009 411 4073 sibi
427 4008 647 4092 adquisierit3
672 4015 707 4072 et
724 4009 828 4072 etiam
843 4008 885 4072 de
901 4007 1059 4073 dominiis
1075 4028 1165 4093 quae
1182 4009 1248 4074 sibi

573 4126 581 4156 ¹
598 4128 658 4178 vid.
670 4128 722 4177 No.
734 4127 875 4178 cccle.
