2888 4890
316 450 320 455 .
396 409 585 458 cunum
608 408 951 458 suenosnxonresr.
1137 388 1206 457 249

150 558 264 633 ricbes
281 568 426 652 myrblte
439 568 576 657 bebban
591 567 660 631 mid
674 555 757 632 'dam
772 555 860 631 Scan
875 563 974 630 Gode
989 567 1035 628 lte
1049 552 1095 628 ab
1109 563 1204 629 ealra

149 671 249 754 pinge
264 670 431 752 geneald.
485 667 608 734 Amen.

501 770 576 834 The
591 789 686 833 same
701 769 736 831 in
754 769 868 833 Latin.

166 895 169 899 ·
206 872 456 954 ›1⁴1nsaucto
483 871 619 935 nomine
644 869 753 933 nostri
777 870 967 933 seruatoris
984 866 1125 943 Christi,
1144 869 1204 950 qui

152 992 215 1036 nos
240 975 372 1038 creauit
396 972 535 1057 quando
565 978 697 1035 nosmet
724 971 791 1053 ipsi
814 989 884 1033 non
911 988 1058 1046 eramus,
1082 977 1117 1033 et
1141 987 1204 1033 nos

151 1073 294 1138 redemit
318 1094 395 1140 cum
415 1093 478 1137 sua
498 1072 639 1156 propria
654 1071 739 1145 uita,
763 1070 901 1153 quando
927 1069 1051 1152 perditi
1076 1069 1203 1134 fuimus

151 1193 196 1238 ex
224 1175 351 1240 diaboli
378 1173 547 1250 doctrina,
576 1179 611 1237 et
637 1172 774 1255 penitus
795 1171 948 1235 damnati
970 1171 1005 1233 in
1027 1176 1203 1234 aeternum

151 1274 308 1359 sulphur,
340 1276 401 1339 sed
428 1274 502 1339 eius
527 1293 655 1355 magna
677 1272 861 1363 clementia
885 1291 949 1336 nos
971 1269 1132 1336 liberauit
1158 1272 1203 1336 ab

149 1394 204 1439 eo.
271 1375 374 1440 Nunc
413 1394 479 1457 ego
510 1374 736 1439 AEttelstanus
779 1392 842 1436 rex
879 1392 984 1456 super
1020 1371 1203 1455 Anglicam

152 1484 302 1558 gentem,
321 1484 442 1542 notum
457 1475 547 1540 facio
561 1476 647 1538 meis
662 1475 875 1556 sapientibus
893 1473 976 1537 etin
994 1472 1059 1538 boc
1074 1473 1203 1556 scripto

152 1578 267 1641 uerbis
302 1578 480 1654 confirmo,
508 1576 601 1659 quod
637 1575 789 1639 liberabo
821 1594 955 1638 omnem
994 1581 1122 1639 terram
1159 1573 1203 1638 ad

147 1678 263 1743 sancti
270 1677 372 1743 Pauli
388 1677 630 1742 monasterium
647 1673 912 1760 [spectantem];
929 1673 1205 1757 etinsupercou·

152 1779 295 1843 stituam
319 1779 410 1844 istud
434 1777 664 1862 priuilegium,
683 1777 749 1840 boc
769 1783 822 1840 est
847 1775 1058 1858 singularem
1080 1776 1204 1841 immu-

146 1879 309 1957 nitatem,
323 1881 360 1944 in
382 1879 520 1944 laudem
542 1878 653 1942 sancti
669 1877 773 1941 Pauli
794 1876 887 1941 illius
908 1877 1022 1941 sancti
1044 1877 1205 1961 apostoli,

148 1981 208 2043 cui
236 1980 292 2045 bic
316 1981 413 2046 locus
439 1983 492 2045 e'st
510 1986 680 2056 sacratus,
702 1979 738 2041 in
762 1981 896 2042 animae
927 1996 1024 2042 meae
1047 1977 1204 2060 redemp-

147 2080 280 2145 tionem
296 2088 332 2146 et
346 2090 567 2164 peccatorum
584 2099 738 2143 meorum
752 2078 999 2156 remissionem,
1016 2077 1203 2142 secundum

152 2181 245 2264 quod
270 2180 385 2245 Sebba
410 2202 472 2245 rex
497 2180 644 2245 eundem
673 2180 819 2263 [locum]
848 2179 958 2262 primo
980 2177 1154 2257 liberauit,
1169 2186 1205 2243 et

153 2289 295 2346 sanctus
313 2281 582 2361 Erkenwaldus3
614 2301 760 2364 quorum
787 2281 889 2345 ambo
919 2299 960 2345 eo
985 2299 1024 2344 se
1051 2280 1205 2345 contule-

152 2393 246 2461 ·runt,
263 2383 403 2448 omnino
428 2383 493 2447 deo
520 2382 752 2446 inseruieruut
780 2388 815 2445 et
843 2380 942 2444 illum
967 2379 1081 2445 locum
1107 2382 1203 2446 locu·
1298 2378 1302 2383 ’

152 2483 340 2566 pletaruut,
364 2502 578 2568 magnusque
608 2483 668 2549 ille
696 2483 878 2565 episcopus
909 2489 1050 2546 sanctus
1073 2480 1205 2547 Erlreu-

151 2583 286 2649 waldus
311 2584 395 2649 illud
428 2584 647 2668 priuilegium
674 2583 872 2666 impetrauit
888 2582 1022 2647 Romae
1045 2582 1137 2665 quod
1167 2583 1203 2646 in

154 2685 220 2750 hac
237 2685 359 2750 charta
378 2685 558 2766 scribitur;
589 2692 624 2750 et
649 2684 751 2766 plura
777 2683 846 2748 alia
867 2682 1051 2766 priuilegia
1070 2682 1127 2747 hic
1151 2683 1205 2747 in-

151 2786 362 2863 scribuntur,
380 2806 470 2869 quae
486 2786 553 2850 mei
568 2784 849 2869 praedecessores
865 2785 1063 2864 irrogarunt
1077 2784 1113 2847 iu
1130 2784 1204 2848 ani·

153 2906 286 2951 mamm
313 2906 453 2952 suarum
478 2886 759 2969 redemptionem.
811 2883 882 2964 Qui
903 2883 968 2949 hoc
985 2883 1204 2967 priuilegium

152 2986 348 3066 adauxerit,
366 2986 451 3052 deus
467 2988 542 3052 eius
560 2987 668 3051 uitam
686 2987 721 3050 in
746 2985 810 3050 boc
828 2985 955 3050 mundo
976 2985 1204 3068 [conseruet]‚

153 3096 189 3152 et
214 3088 246 3152 ei
270 3089 444 3153 coelorum
473 3088 570 3170 regni
599 3087 729 3169 gaudia
755 3086 922 3151 concedat
954 3086 1093 3167 quando
1124 3086 1204 3151 hinc

154 3188 353 3254 decesserit.
406 3188 476 3268 Qui
504 3209 587 3253 uero
616 3188 699 3271 quid
724 3187 819 3251 illinc
850 3186 1032 3251 abstulerit
1063 3188 1138 3253 siue
1168 3189 1204 3253 in

154 3289 261 3353 alium
299 3309 399 3353 usum
436 3291 658 3366 conuerterit,
698 3287 800 3351 aliter
834 3287 967 3352 scilicet
1004 3308 1109 3371 quam
1147 3289 1204 3354 hic

154 3391 427 3473 suprascriptum
465 3398 531 3463 est,
561 3389 605 3453 sit
641 3390 714 3452 eius
748 3389 823 3453 uita
857 3387 912 3453 bic
943 3389 1135 3467 decurtata,
1169 3398 1205 3455 et

150 3491 293 3573 quando
324 3491 402 3554 hinc
427 3490 613 3554 decesserit
643 3508 777 3571 semper
805 3491 852 3554 sit
874 3491 948 3553 eius
973 3489 1142 3554 habitatio
1169 3491 1204 3554 in

152 3591 278 3656 inferni
294 3591 412 3667 fundo,
430 3590 495 3654 nisi
519 3591 553 3654 id
579 3589 634 3652 bic
652 3597 733 3653 ante
757 3589 859 3653 finem
882 3609 982 3653 suum
1005 3589 1204 3672 diligentius

153 3700 355 3776 compenset
379 3691 471 3773 apud
498 3698 674 3755 aeteruum
702 3690 803 3753 deum
823 3689 883 3771 qui
910 3690 1062 3753 omnium
1090 3707 1203 3753 rerum

155 3793 258 3858 babet
284 3799 503 3875 potestatem.
571 3789 706 3854 Idcirco
732 3799 805 3853 tam
837 3789 979 3853 firmiter
1005 3788 1071 3853 hoc
1098 3791 1206 3874 priui-

155 3894 283 3976 legium
311 3889 522 3977 [obseruari]
546 3891 788 3974 praecipimus,
806 3897 846 3953 ut
863 3890 913 3954 ita
930 3909 993 3953 uos
1010 3909 1129 3954 omnes
1145 3891 1205 3956 de·

156 4014 225 4059 uuo
248 3993 422 4077 possimus
449 3991 552 4056 simul
585 3991 758 4056 coelorum
787 3990 884 4073 regui
911 3990 1039 4072 gaudia
1066 3995 1206 4075 assequi

156 4115 234 4161 cum
250 4103 393 4158 aeterno
407 4093 484 4171 deo,
495 4093 555 4176 qui
570 4093 723 4158 omnium
741 4111 854 4154 rerum
873 4091 976 4155 babet
986 4098 1206 4174 potestatem.

157 4199 284 4262 Amen.
