<?xml version="1.0" encoding="UTF-8"?>
<!DOCTYPE html PUBLIC "-//W3C//DTD XHTML 1.0 Transitional//EN"
    "http://www.w3.org/TR/xhtml1/DTD/xhtml1-transitional.dtd">
<html xmlns="http://www.w3.org/1999/xhtml" xml:lang="en" lang="en">
 <head>
  <title>
</title>
<meta http-equiv="Content-Type" content="text/html;charset=utf-8" />
  <meta name='ocr-system' content='tesseract 3.04.00' />
  <meta name='ocr-capabilities' content='ocr_page ocr_carea ocr_par ocr_line ocrx_word'/>
</head>
<body>
  <div class='ocr_page' id='page_1' title='image "./codexdiplomatic02kembgoog_0072.png"; bbox 0 0 2888 4890; ppageno 0'>
   <div class='ocr_carea' id='block_1_1' title="bbox 452 363 1248 429">
    <p class='ocr_par' dir='ltr' id='par_1_1' title="bbox 452 363 1248 429">
     <span class='ocr_line' id='line_1_1' title="bbox 452 363 1248 429; baseline 0 -1"><span class='ocrx_word' id='word_1_1' title='bbox 452 380 625 428; x_wconf 72' lang='lat' dir='ltr'><strong>curnula</strong></span> <span class='ocrx_word' id='word_1_2' title='bbox 648 378 990 429; x_wconf 74' lang='lat' dir='ltr'><strong>sucuosnxourcnn.</strong></span> <span class='ocrx_word' id='word_1_3' title='bbox 1205 363 1248 428; x_wconf 75' lang='lat'><strong>47</strong></span> 
     </span>
    </p>
   </div>
   <div class='ocr_carea' id='block_1_2' title="bbox 189 535 1249 619">
    <p class='ocr_par' dir='ltr' id='par_1_2' title="bbox 189 535 1249 619">
     <span class='ocr_line' id='line_1_2' title="bbox 189 535 1249 619; baseline -0.003 -16"><span class='ocrx_word' id='word_1_4' title='bbox 189 553 277 611; x_wconf 87' lang='lat' dir='ltr'><strong>sum,</strong></span> <span class='ocrx_word' id='word_1_5' title='bbox 302 535 453 600; x_wconf 86' lang='lat' dir='ltr'><strong>familiae</strong></span> <span class='ocrx_word' id='word_1_6' title='bbox 482 541 622 600; x_wconf 87' lang='lat' dir='ltr'><strong>sanctae</strong></span> <span class='ocrx_word' id='word_1_7' title='bbox 646 535 780 600; x_wconf 88' lang='lat' dir='ltr'><strong>Mariae</strong></span> <span class='ocrx_word' id='word_1_8' title='bbox 804 556 894 619; x_wconf 87' lang='lat' dir='ltr'><strong>quae</strong></span> <span class='ocrx_word' id='word_1_9' title='bbox 919 537 956 599; x_wconf 93' lang='lat' dir='ltr'><strong>in</strong></span> <span class='ocrx_word' id='word_1_10' title='bbox 983 537 1249 602; x_wconf 86' lang='lat' dir='ltr'><strong>iam-nominata</strong></span> 
     </span>
    </p>
   </div>
   <div class='ocr_carea' id='block_1_3' title="bbox 191 635 1376 720">
    <p class='ocr_par' dir='ltr' id='par_1_3' title="bbox 191 635 1376 720">
     <span class='ocr_line' id='line_1_3' title="bbox 191 635 1376 720; baseline 0.001 -22"><span class='ocrx_word' id='word_1_11' title='bbox 191 635 358 700; x_wconf 86' lang='lat' dir='ltr'><strong>aecclesia</strong></span> <span class='ocrx_word' id='word_1_12' title='bbox 389 637 453 700; x_wconf 93' lang='lat' dir='ltr'><strong>deo</strong></span> <span class='ocrx_word' id='word_1_13' title='bbox 481 637 646 701; x_wconf 88' lang='lat' dir='ltr'><strong>seruiunt.</strong></span> <span class='ocrx_word' id='word_1_14' title='bbox 715 636 892 719; x_wconf 88' lang='lat' dir='ltr'><strong>Simulque</strong></span> <span class='ocrx_word' id='word_1_15' title='bbox 921 638 1095 720; x_wconf 85' lang='lat' dir='ltr'><strong>praecipio</strong></span> <span class='ocrx_word' id='word_1_16' title='bbox 1125 639 1160 700; x_wconf 92' lang='lat' dir='ltr'><strong>in</strong></span> <span class='ocrx_word' id='word_1_17' title='bbox 1187 658 1249 701; x_wconf 90' lang='lat' dir='ltr'><strong>no·</strong></span> <span class='ocrx_word' id='word_1_18' title='bbox 1371 688 1376 699; x_wconf 82' lang='grc'><em>,</em></span> 
     </span>
    </p>
   </div>
   <div class='ocr_carea' id='block_1_4' title="bbox 191 736 1251 1723">
    <p class='ocr_par' dir='ltr' id='par_1_4' title="bbox 191 736 1251 1723">
     <span class='ocr_line' id='line_1_4' title="bbox 191 736 1249 821; baseline 0.003 -22"><span class='ocrx_word' id='word_1_19' title='bbox 191 736 282 800; x_wconf 90' lang='lat' dir='ltr'><strong>mine</strong></span> <span class='ocrx_word' id='word_1_20' title='bbox 311 736 553 819; x_wconf 87' lang='lat' dir='ltr'><strong>omnipotentis</strong></span> <span class='ocrx_word' id='word_1_21' title='bbox 583 737 638 800; x_wconf 92' lang='lat' dir='ltr'><strong>dei</strong></span> <span class='ocrx_word' id='word_1_22' title='bbox 668 737 863 818; x_wconf 83' lang='lat' dir='ltr'><strong>praelectis,</strong></span> <span class='ocrx_word' id='word_1_23' title='bbox 886 738 1105 821; x_wconf 64' lang='lat' dir='ltr'><strong>praepositis</strong></span> <span class='ocrx_word' id='word_1_24' title='bbox 1132 745 1167 803; x_wconf 90' lang='lat' dir='ltr'><strong>et</strong></span> <span class='ocrx_word' id='word_1_25' title='bbox 1194 758 1249 802; x_wconf 95' lang='lat' dir='ltr'><strong>ac-</strong></span> 
     </span>
     <span class='ocr_line' id='line_1_5' title="bbox 191 836 1249 920; baseline 0.004 -22"><span class='ocrx_word' id='word_1_26' title='bbox 191 836 361 913; x_wconf 90' lang='lat' dir='ltr'><strong>tionariis,</strong></span> <span class='ocrx_word' id='word_1_27' title='bbox 378 844 413 900; x_wconf 89' lang='lat' dir='ltr'><strong>ot</strong></span> <span class='ocrx_word' id='word_1_28' title='bbox 429 837 588 902; x_wconf 88' lang='lat' dir='ltr'><strong>omnibus</strong></span> <span class='ocrx_word' id='word_1_29' title='bbox 603 836 760 900; x_wconf 88' lang='lat' dir='ltr'><strong>fidelibus</strong></span> <span class='ocrx_word' id='word_1_30' title='bbox 783 838 844 920; x_wconf 93' lang='lat' dir='ltr'><strong>qui</strong></span> <span class='ocrx_word' id='word_1_31' title='bbox 870 838 906 902; x_wconf 92' lang='lat' dir='ltr'><strong>in</strong></span> <span class='ocrx_word' id='word_1_32' title='bbox 925 838 986 902; x_wconf 92' lang='lat' dir='ltr'><strong>illo</strong></span> <span class='ocrx_word' id='word_1_33' title='bbox 1004 845 1106 920; x_wconf 88' lang='lat' dir='ltr'><strong>portu</strong></span> <span class='ocrx_word' id='word_1_34' title='bbox 1122 837 1249 902; x_wconf 90' lang='lat' dir='ltr'><strong>habent</strong></span> 
     </span>
     <span class='ocr_line' id='line_1_6' title="bbox 191 936 1249 1020; baseline 0.003 -21"><span class='ocrx_word' id='word_1_35' title='bbox 191 936 248 999; x_wconf 91' lang='lat' dir='ltr'><strong>uel</strong></span> <span class='ocrx_word' id='word_1_36' title='bbox 278 936 427 1001; x_wconf 87' lang='lat' dir='ltr'><strong>habituri</strong></span> <span class='ocrx_word' id='word_1_37' title='bbox 455 943 535 1001; x_wconf 91' lang='lat' dir='ltr'><strong>sunt</strong></span> <span class='ocrx_word' id='word_1_38' title='bbox 559 936 710 1020; x_wconf 85' lang='lat' dir='ltr'><strong>aliquam</strong></span> <span class='ocrx_word' id='word_1_39' title='bbox 744 944 964 1020; x_wconf 88' lang='lat' dir='ltr'><strong>potestatem,</strong></span> <span class='ocrx_word' id='word_1_40' title='bbox 990 946 1030 1002; x_wconf 90' lang='lat' dir='ltr'><strong>ut</strong></span> <span class='ocrx_word' id='word_1_41' title='bbox 1059 937 1144 1003; x_wconf 88' lang='lat' dir='ltr'><strong>haec</strong></span> <span class='ocrx_word' id='word_1_42' title='bbox 1172 958 1249 1002; x_wconf 93' lang='lat' dir='ltr'><strong>mea</strong></span> 
     </span>
     <span class='ocr_line' id='line_1_7' title="bbox 192 1035 1249 1121; baseline 0.006 -23"><span class='ocrx_word' id='word_1_43' title='bbox 192 1035 334 1101; x_wconf 91' lang='lat' dir='ltr'><strong>donatio</strong></span> <span class='ocrx_word' id='word_1_44' title='bbox 357 1037 404 1100; x_wconf 90' lang='lat' dir='ltr'><strong>sit</strong></span> <span class='ocrx_word' id='word_1_45' title='bbox 432 1037 566 1101; x_wconf 89' lang='lat' dir='ltr'><strong>stabilis</strong></span> <span class='ocrx_word' id='word_1_46' title='bbox 596 1044 632 1101; x_wconf 90' lang='lat' dir='ltr'><strong>et</strong></span> <span class='ocrx_word' id='word_1_47' title='bbox 657 1037 757 1102; x_wconf 90' lang='lat' dir='ltr'><strong>firma</strong></span> <span class='ocrx_word' id='word_1_48' title='bbox 786 1039 1048 1121; x_wconf 84' lang='lat' dir='ltr'><strong>imperpetuum.</strong></span> <span class='ocrx_word' id='word_1_49' title='bbox 1094 1038 1197 1117; x_wconf 84' lang='lat' dir='ltr'><strong>Quod</strong></span> <span class='ocrx_word' id='word_1_50' title='bbox 1219 1040 1249 1104; x_wconf 88' lang='lat' dir='ltr'><strong>si</strong></span> 
     </span>
     <span class='ocr_line' id='line_1_8' title="bbox 193 1136 1249 1221; baseline 0.004 -23"><span class='ocrx_word' id='word_1_51' title='bbox 193 1136 331 1219; x_wconf 90' lang='lat' dir='ltr'><strong>aliquis,</strong></span> <span class='ocrx_word' id='word_1_52' title='bbox 355 1138 448 1220; x_wconf 92' lang='lat' dir='ltr'><strong>quod</strong></span> <span class='ocrx_word' id='word_1_53' title='bbox 471 1138 574 1215; x_wconf 87' lang='lat' dir='ltr'><strong>absit,</strong></span> <span class='ocrx_word' id='word_1_54' title='bbox 601 1138 666 1203; x_wconf 92' lang='lat' dir='ltr'><strong>hoc</strong></span> <span class='ocrx_word' id='word_1_55' title='bbox 690 1158 802 1202; x_wconf 86' lang='lat' dir='ltr'><strong>meum</strong></span> <span class='ocrx_word' id='word_1_56' title='bbox 830 1139 956 1203; x_wconf 91' lang='lat' dir='ltr'><strong>donum</strong></span> <span class='ocrx_word' id='word_1_57' title='bbox 984 1139 1116 1203; x_wconf 88' lang='lat' dir='ltr'><strong>uiolare</strong></span> <span class='ocrx_word' id='word_1_58' title='bbox 1149 1158 1249 1221; x_wconf 86' lang='lat' dir='ltr'><strong>prae·</strong></span> 
     </span>
     <span class='ocr_line' id='line_1_9' title="bbox 194 1237 1250 1322; baseline 0.004 -24"><span class='ocrx_word' id='word_1_59' title='bbox 194 1238 389 1317; x_wconf 83' lang='lat' dir='ltr'><strong>sumpserit,</strong></span> <span class='ocrx_word' id='word_1_60' title='bbox 408 1257 429 1301; x_wconf 90' lang='lat' dir='ltr'><strong>a</strong></span> <span class='ocrx_word' id='word_1_61' title='bbox 451 1237 515 1302; x_wconf 88' lang='lat' dir='ltr'><strong>deo</strong></span> <span class='ocrx_word' id='word_1_62' title='bbox 544 1245 579 1302; x_wconf 92' lang='lat' dir='ltr'><strong>et</strong></span> <span class='ocrx_word' id='word_1_63' title='bbox 600 1239 730 1303; x_wconf 87' lang='lat' dir='ltr'><strong>sanctis</strong></span> <span class='ocrx_word' id='word_1_64' title='bbox 753 1239 826 1303; x_wconf 88' lang='lat' dir='ltr'><strong>eius</strong></span> <span class='ocrx_word' id='word_1_65' title='bbox 844 1246 1036 1322; x_wconf 64' lang='lat' dir='ltr'><strong>separatus</strong></span> <span class='ocrx_word' id='word_1_66' title='bbox 1055 1239 1192 1302; x_wconf 89' lang='lat' dir='ltr'><strong>diabolo</strong></span> <span class='ocrx_word' id='word_1_67' title='bbox 1215 1246 1250 1302; x_wconf 91' lang='lat' dir='ltr'><strong>et</strong></span> 
     </span>
     <span class='ocr_line' id='line_1_10' title="bbox 194 1336 1250 1421; baseline 0.006 -23"><span class='ocrx_word' id='word_1_68' title='bbox 194 1336 326 1416; x_wconf 83' lang='lat' dir='ltr'><strong>angelis</strong></span> <span class='ocrx_word' id='word_1_69' title='bbox 343 1337 417 1400; x_wconf 87' lang='lat' dir='ltr'><strong>cius</strong></span> <span class='ocrx_word' id='word_1_70' title='bbox 441 1338 487 1402; x_wconf 89' lang='lat' dir='ltr'><strong>sit</strong></span> <span class='ocrx_word' id='word_1_71' title='bbox 513 1339 727 1403; x_wconf 85' lang='lat' dir='ltr'><strong>coniunctus.</strong></span> <span class='ocrx_word' id='word_1_72' title='bbox 781 1339 883 1418; x_wconf 83' lang='lat' dir='ltr'><strong>Quod</strong></span> <span class='ocrx_word' id='word_1_73' title='bbox 901 1340 1017 1403; x_wconf 88' lang='lat' dir='ltr'><strong>sinna</strong></span> <span class='ocrx_word' id='word_1_74' title='bbox 1032 1339 1132 1402; x_wconf 90' lang='lat' dir='ltr'><strong>nauis</strong></span> <span class='ocrx_word' id='word_1_75' title='bbox 1150 1359 1250 1421; x_wconf 90' lang='lat' dir='ltr'><strong>prae·</strong></span> 
     </span>
     <span class='ocr_line' id='line_1_11' title="bbox 193 1435 1251 1520; baseline 0.004 -22"><span class='ocrx_word' id='word_1_76' title='bbox 193 1435 305 1500; x_wconf 88' lang='lat' dir='ltr'><strong>dictae</strong></span> <span class='ocrx_word' id='word_1_77' title='bbox 333 1436 483 1502; x_wconf 87' lang='lat' dir='ltr'><strong>familiae</strong></span> <span class='ocrx_word' id='word_1_78' title='bbox 514 1439 653 1520; x_wconf 86' lang='lat' dir='ltr'><strong>perierit</strong></span> <span class='ocrx_word' id='word_1_79' title='bbox 680 1439 871 1517; x_wconf 90' lang='lat' dir='ltr'><strong>collisione,</strong></span> <span class='ocrx_word' id='word_1_80' title='bbox 893 1439 1073 1512; x_wconf 84' lang='lat' dir='ltr'><strong>fractione,</strong></span> <span class='ocrx_word' id='word_1_81' title='bbox 1101 1448 1163 1503; x_wconf 91' lang='lat' dir='ltr'><strong>aut</strong></span> <span class='ocrx_word' id='word_1_82' title='bbox 1189 1459 1251 1503; x_wconf 88' lang='lat' dir='ltr'><strong>ue-</strong></span> 
     </span>
     <span class='ocr_line' id='line_1_12' title="bbox 193 1538 1249 1618; baseline 0.006 -20"><span class='ocrx_word' id='word_1_83' title='bbox 193 1542 335 1614; x_wconf 90' lang='lat' dir='ltr'><strong>tustate,</strong></span> <span class='ocrx_word' id='word_1_84' title='bbox 356 1538 480 1602; x_wconf 89' lang='lat' dir='ltr'><strong>iterum</strong></span> <span class='ocrx_word' id='word_1_85' title='bbox 508 1539 693 1605; x_wconf 90' lang='lat' dir='ltr'><strong>restituant</strong></span> <span class='ocrx_word' id='word_1_86' title='bbox 718 1539 836 1618; x_wconf 92' lang='lat' dir='ltr'><strong>aliam,</strong></span> <span class='ocrx_word' id='word_1_87' title='bbox 856 1547 891 1604; x_wconf 89' lang='lat' dir='ltr'><strong>ot</strong></span> <span class='ocrx_word' id='word_1_88' title='bbox 912 1541 1032 1605; x_wconf 86' lang='lat' dir='ltr'><strong>eadem</strong></span> <span class='ocrx_word' id='word_1_89' title='bbox 1054 1539 1249 1605; x_wconf 90' lang='lat' dir='ltr'><strong>conditione</strong></span> 
     </span>
     <span class='ocr_line' id='line_1_13' title="bbox 194 1634 758 1723; baseline 0.011 -25"><span class='ocrx_word' id='word_1_90' title='bbox 194 1634 353 1715; x_wconf 87' lang='lat' dir='ltr'><strong>habeant,</strong></span> <span class='ocrx_word' id='word_1_91' title='bbox 372 1646 407 1702; x_wconf 88' lang='lat' dir='ltr'><strong>et</strong></span> <span class='ocrx_word' id='word_1_92' title='bbox 422 1640 472 1704; x_wconf 83' lang='lat' dir='ltr'><strong>sic</strong></span> <span class='ocrx_word' id='word_1_93' title='bbox 488 1640 524 1704; x_wconf 93' lang='lat' dir='ltr'><strong>in</strong></span> <span class='ocrx_word' id='word_1_94' title='bbox 541 1646 758 1723; x_wconf 85' lang='lat' dir='ltr'><strong>perpetuum.</strong></span> 
     </span>
    </p>
   </div>
   <div class='ocr_carea' id='block_1_5' title="bbox 346 1936 1104 2162">
    <p class='ocr_par' dir='ltr' id='par_1_5' title="bbox 346 1936 1104 2162">
     <span class='ocr_line' id='line_1_14' title="bbox 681 1936 769 2001; baseline 0.011 -1"><span class='ocrx_word' id='word_1_95' title='bbox 681 1936 769 2001; x_wconf 91' lang='lat' dir='ltr'><strong>MV.</strong></span> 
     </span>
     <span class='ocr_line' id='line_1_15' title="bbox 346 2082 1104 2162; baseline 0.001 -13"><span class='ocrx_word' id='word_1_96' title='bbox 346 2082 621 2150; x_wconf 79' lang='lat' dir='ltr'><strong>EARDUULF</strong></span> <span class='ocrx_word' id='word_1_97' title='bbox 646 2083 711 2148; x_wconf 88' lang='lat' dir='ltr'><strong>OF</strong></span> <span class='ocrx_word' id='word_1_98' title='bbox 735 2084 886 2162; x_wconf 87' lang='lat' dir='ltr'><strong>KENT,</strong></span> <span class='ocrx_word' id='word_1_99' title='bbox 906 2086 1012 2150; x_wconf 83' lang='lat' dir='ltr'><strong>about</strong></span> <span class='ocrx_word' id='word_1_100' title='bbox 1027 2085 1104 2150; x_wconf 80' lang='lat'><strong>747.</strong></span> 
     </span>
    </p>
   </div>
   <div class='ocr_carea' id='block_1_6' title="bbox 194 2232 1253 2615">
    <p class='ocr_par' dir='ltr' id='par_1_6' title="bbox 194 2232 1253 2615">
     <span class='ocr_line' id='line_1_16' title="bbox 251 2232 1251 2314; baseline 0.001 -19"><span class='ocrx_word' id='word_1_101' title='bbox 251 2234 290 2314; x_wconf 57' lang='grc' dir='ltr'><strong>»Β</strong></span> <span class='ocrx_word' id='word_1_102' title='bbox 312 2232 389 2296; x_wconf 88' lang='lat' dir='ltr'><strong>Eco</strong></span> <span class='ocrx_word' id='word_1_103' title='bbox 406 2232 592 2297; x_wconf 82' lang='lat' dir='ltr'><strong>Eardullus</strong></span> <span class='ocrx_word' id='word_1_104' title='bbox 616 2253 679 2296; x_wconf 87' lang='lat' dir='ltr'><strong>rex</strong></span> <span class='ocrx_word' id='word_1_105' title='bbox 694 2232 839 2297; x_wconf 83' lang='lat' dir='ltr'><strong>Cantiae</strong></span> <span class='ocrx_word' id='word_1_106' title='bbox 854 2233 917 2296; x_wconf 88' lang='lat' dir='ltr'><strong>tibi</strong></span> <span class='ocrx_word' id='word_1_107' title='bbox 934 2232 1139 2296; x_wconf 90' lang='lat' dir='ltr'><strong>uenerabilis</strong></span> <span class='ocrx_word' id='word_1_108' title='bbox 1157 2233 1251 2297; x_wconf 89' lang='lat' dir='ltr'><strong>Ead-</strong></span> 
     </span>
     <span class='ocr_line' id='line_1_17' title="bbox 195 2332 1253 2416; baseline 0.002 -20"><span class='ocrx_word' id='word_1_109' title='bbox 195 2332 291 2396; x_wconf 91' lang='lat' dir='ltr'><strong>berte</strong></span> <span class='ocrx_word' id='word_1_110' title='bbox 318 2334 420 2410; x_wconf 92' lang='lat' dir='ltr'><strong>abba,</strong></span> <span class='ocrx_word' id='word_1_111' title='bbox 442 2341 614 2416; x_wconf 83' lang='lat' dir='ltr'><strong>tuaequae</strong></span> <span class='ocrx_word' id='word_1_112' title='bbox 635 2333 784 2398; x_wconf 90' lang='lat' dir='ltr'><strong>familiae</strong></span> <span class='ocrx_word' id='word_1_113' title='bbox 811 2333 1014 2397; x_wconf 88' lang='lat' dir='ltr'><strong>consistenti</strong></span> <span class='ocrx_word' id='word_1_114' title='bbox 1038 2332 1073 2394; x_wconf 92' lang='lat' dir='ltr'><strong>in</strong></span> <span class='ocrx_word' id='word_1_115' title='bbox 1093 2332 1169 2397; x_wconf 92' lang='lat' dir='ltr'><strong>loco</strong></span> <span class='ocrx_word' id='word_1_116' title='bbox 1192 2335 1253 2416; x_wconf 94' lang='lat' dir='ltr'><strong>qui</strong></span> 
     </span>
     <span class='ocr_line' id='line_1_18' title="bbox 194 2432 1251 2510; baseline 0.004 -15"><span class='ocrx_word' id='word_1_117' title='bbox 194 2432 333 2507; x_wconf 86' lang='lat' dir='ltr'><strong>dicitur</strong></span> <span class='ocrx_word' id='word_1_118' title='bbox 348 2432 488 2510; x_wconf 86' lang='lat' dir='ltr'><strong>Raculf,</strong></span> <span class='ocrx_word' id='word_1_119' title='bbox 515 2435 664 2499; x_wconf 88' lang='lat' dir='ltr'><strong>concedo</strong></span> <span class='ocrx_word' id='word_1_120' title='bbox 693 2441 820 2498; x_wconf 89' lang='lat' dir='ltr'><strong>terram</strong></span> <span class='ocrx_word' id='word_1_121' title='bbox 843 2433 944 2497; x_wconf 88' lang='lat' dir='ltr'><strong>unius</strong></span> <span class='ocrx_word' id='word_1_122' title='bbox 973 2434 1079 2496; x_wconf 87' lang='lat' dir='ltr'><strong>aratri</strong></span> <span class='ocrx_word' id='word_1_123' title='bbox 1106 2433 1142 2495; x_wconf 93' lang='lat' dir='ltr'><strong>in</strong></span> <span class='ocrx_word' id='word_1_124' title='bbox 1174 2434 1251 2499; x_wconf 88' lang='lat' dir='ltr'><strong>loco</strong></span> 
     </span>
     <span class='ocr_line' id='line_1_19' title="bbox 195 2532 1250 2615; baseline 0.003 -20"><span class='ocrx_word' id='word_1_125' title='bbox 195 2533 256 2615; x_wconf 92' lang='lat' dir='ltr'><strong>qui</strong></span> <span class='ocrx_word' id='word_1_126' title='bbox 286 2534 484 2598; x_wconf 86' lang='lat' dir='ltr'><strong>nominatur</strong></span> <span class='ocrx_word' id='word_1_127' title='bbox 511 2533 771 2611; x_wconf 87' lang='lat' dir='ltr'><strong>Berhamstede,</strong></span> <span class='ocrx_word' id='word_1_128' title='bbox 802 2553 880 2596; x_wconf 90' lang='lat' dir='ltr'><strong>cum</strong></span> <span class='ocrx_word' id='word_1_129' title='bbox 911 2533 1068 2597; x_wconf 89' lang='lat' dir='ltr'><strong>omnibus</strong></span> <span class='ocrx_word' id='word_1_130' title='bbox 1100 2532 1143 2596; x_wconf 90' lang='lat' dir='ltr'><strong>ad</strong></span> <span class='ocrx_word' id='word_1_131' title='bbox 1176 2554 1250 2598; x_wconf 89' lang='lat' dir='ltr'><strong>eam</strong></span> 
     </span>
    </p>
   </div>
   <div class='ocr_carea' id='block_1_7' title="bbox 193 2632 1249 2797">
    <p class='ocr_par' dir='ltr' id='par_1_7' title="bbox 193 2632 1249 2797">
     <span class='ocr_line' id='line_1_20' title="bbox 193 2632 1249 2715; baseline 0.001 -19"><span class='ocrx_word' id='word_1_132' title='bbox 193 2633 454 2715; x_wconf 84' lang='lat' dir='ltr'><strong>pertinentibus,</strong></span> <span class='ocrx_word' id='word_1_133' title='bbox 480 2634 622 2699; x_wconf 87' lang='lat' dir='ltr'><strong>liberam</strong></span> <span class='ocrx_word' id='word_1_134' title='bbox 651 2636 694 2699; x_wconf 86' lang='lat' dir='ltr'><strong>ab</strong></span> <span class='ocrx_word' id='word_1_135' title='bbox 726 2634 883 2698; x_wconf 89' lang='lat' dir='ltr'><strong>omnibus</strong></span> <span class='ocrx_word' id='word_1_136' title='bbox 914 2632 1149 2697; x_wconf 88' lang='lat' dir='ltr'><strong>saecularibus</strong></span> <span class='ocrx_word' id='word_1_137' title='bbox 1179 2653 1249 2698; x_wconf 59' lang='lat' dir='ltr'><strong>sero</strong></span> 
     </span>
     <span class='ocr_line' id='line_1_21' title="bbox 195 2731 300 2797; baseline 0.019 -3"><span class='ocrx_word' id='word_1_138' title='bbox 195 2731 300 2797; x_wconf 89' lang='lat' dir='ltr'><strong>uitiis.</strong></span> 
     </span>
    </p>
   </div>
   <div class='ocr_carea' id='block_1_8' title="bbox 660 2827 781 2838">
    <p class='ocr_par' dir='ltr' id='par_1_8' title="bbox 660 2827 781 2838">
     <span class='ocr_line' id='line_1_22' title="bbox 660 2827 781 2838; baseline 0 -2"><span class='ocrx_word' id='word_1_139' title='bbox 660 2827 781 2838; x_wconf 77' lang='grc'><strong>.--</strong></span> 
     </span>
    </p>
   </div>
   <div class='ocr_carea' id='block_1_9' title="bbox 385 2947 1065 3176">
    <p class='ocr_par' dir='ltr' id='par_1_9' title="bbox 385 2947 1065 3176">
     <span class='ocr_line' id='line_1_23' title="bbox 674 2947 784 3013; baseline 0 -2"><span class='ocrx_word' id='word_1_140' title='bbox 674 2947 784 3013; x_wconf 75' lang='lat' dir='ltr'><strong>uvi.</strong></span> 
     </span>
     <span class='ocr_line' id='line_1_24' title="bbox 385 3071 1065 3176; baseline -0.003 -11"><span class='ocrx_word' id='word_1_141' title='bbox 385 3071 627 3165; x_wconf 75' lang='lat' dir='ltr'><strong>cunnum</strong></span> <span class='ocrx_word' id='word_1_142' title='bbox 660 3096 1065 3176; x_wconf 63' lang='lat' dir='ltr'><strong>cameasenus.</strong></span> 
     </span>
    </p>
   </div>
   <div class='ocr_carea' id='block_1_10' title="bbox 194 3240 1255 4227">
    <p class='ocr_par' dir='ltr' id='par_1_10' title="bbox 194 3240 1254 4108">
     <span class='ocr_line' id='line_1_25' title="bbox 251 3240 1253 3324; baseline 0.001 -19"><span class='ocrx_word' id='word_1_143' title='bbox 251 3243 290 3323; x_wconf 56' lang='grc' dir='ltr'><strong>»Β</strong></span> <span class='ocrx_word' id='word_1_144' title='bbox 313 3240 518 3306; x_wconf 76' lang='lat' dir='ltr'><strong>Rucunuru</strong></span> <span class='ocrx_word' id='word_1_145' title='bbox 540 3242 575 3304; x_wconf 92' lang='lat' dir='ltr'><strong>in</strong></span> <span class='ocrx_word' id='word_1_146' title='bbox 602 3248 777 3304; x_wconf 86' lang='lat' dir='ltr'><strong>aetornum</strong></span> <span class='ocrx_word' id='word_1_147' title='bbox 798 3240 935 3304; x_wconf 92' lang='lat' dir='ltr'><strong>domino</strong></span> <span class='ocrx_word' id='word_1_148' title='bbox 958 3247 1076 3305; x_wconf 88' lang='lat' dir='ltr'><strong>nostro</strong></span> <span class='ocrx_word' id='word_1_149' title='bbox 1099 3242 1253 3324; x_wconf 85' lang='lat' dir='ltr'><strong>omnipo-</strong></span> 
     </span>
     <span class='ocr_line' id='line_1_26' title="bbox 194 3338 1253 3424; baseline 0.001 -19"><span class='ocrx_word' id='word_1_150' title='bbox 194 3347 288 3406; x_wconf 88' lang='lat' dir='ltr'><strong>tente</strong></span> <span class='ocrx_word' id='word_1_151' title='bbox 317 3341 405 3405; x_wconf 86' lang='lat' dir='ltr'><strong>deo!</strong></span> <span class='ocrx_word' id='word_1_152' title='bbox 459 3341 535 3424; x_wconf 82' lang='lat' dir='ltr'><strong>Ego</strong></span> <span class='ocrx_word' id='word_1_153' title='bbox 566 3338 742 3405; x_wconf 66' lang='lat' dir='ltr'><strong>Guorcdus</strong></span> <span class='ocrx_word' id='word_1_154' title='bbox 774 3360 834 3404; x_wconf 84' lang='lat' dir='ltr'><strong>rex</strong></span> <span class='ocrx_word' id='word_1_155' title='bbox 868 3340 911 3404; x_wconf 93' lang='lat' dir='ltr'><strong>de</strong></span> <span class='ocrx_word' id='word_1_156' title='bbox 945 3348 1037 3404; x_wconf 89' lang='lat' dir='ltr'><strong>terra</strong></span> <span class='ocrx_word' id='word_1_157' title='bbox 1070 3341 1155 3404; x_wconf 90' lang='lat' dir='ltr'><strong>iuris</strong></span> <span class='ocrx_word' id='word_1_158' title='bbox 1184 3344 1253 3406; x_wconf 89' lang='lat' dir='ltr'><strong>mei</strong></span> 
     </span>
     <span class='ocr_line' id='line_1_27' title="bbox 197 3439 1251 3524; baseline 0 -18"><span class='ocrx_word' id='word_1_159' title='bbox 197 3439 448 3524; x_wconf 89' lang='lat' dir='ltr'><strong>aliquantulam</strong></span> <span class='ocrx_word' id='word_1_160' title='bbox 477 3441 678 3523; x_wconf 89' lang='lat' dir='ltr'><strong>portionem,</strong></span> <span class='ocrx_word' id='word_1_161' title='bbox 702 3441 802 3504; x_wconf 87' lang='lat' dir='ltr'><strong>iuxta</strong></span> <span class='ocrx_word' id='word_1_162' title='bbox 826 3459 1018 3505; x_wconf 88' lang='lat' dir='ltr'><strong>mensuram</strong></span> <span class='ocrx_word' id='word_1_163' title='bbox 1047 3440 1179 3505; x_wconf 89' lang='lat' dir='ltr'><strong>scilicet</strong></span> <span class='ocrx_word' id='word_1_164' title='bbox 1199 3459 1251 3506; x_wconf 84' lang='lat' dir='ltr'><strong>.x.</strong></span> 
     </span>
     <span class='ocr_line' id='line_1_28' title="bbox 196 3540 1253 3623; baseline 0.001 -19"><span class='ocrx_word' id='word_1_165' title='bbox 196 3541 416 3618; x_wconf 83' lang='lat' dir='ltr'><strong>familiarum,</strong></span> <span class='ocrx_word' id='word_1_166' title='bbox 430 3560 534 3623; x_wconf 91' lang='lat' dir='ltr'><strong>quam</strong></span> <span class='ocrx_word' id='word_1_167' title='bbox 547 3540 711 3605; x_wconf 88' lang='lat' dir='ltr'><strong>solicolae</strong></span> <span class='ocrx_word' id='word_1_168' title='bbox 726 3540 852 3605; x_wconf 86' lang='lat' dir='ltr'><strong>Cleran</strong></span> <span class='ocrx_word' id='word_1_169' title='bbox 865 3541 1051 3615; x_wconf 90' lang='lat' dir='ltr'><strong>nominant,</strong></span> <span class='ocrx_word' id='word_1_170' title='bbox 1064 3541 1253 3605; x_wconf 86' lang='lat' dir='ltr'><strong>aecclesiae</strong></span> 
     </span>
     <span class='ocr_line' id='line_1_29' title="bbox 197 3639 1253 3723; baseline -0.001 -19"><span class='ocrx_word' id='word_1_171' title='bbox 197 3641 253 3705; x_wconf 89' lang='lat' dir='ltr'><strong>dei</strong></span> <span class='ocrx_word' id='word_1_172' title='bbox 268 3641 375 3706; x_wconf 89' lang='lat' dir='ltr'><strong>Petro</strong></span> <span class='ocrx_word' id='word_1_173' title='bbox 393 3641 573 3723; x_wconf 90' lang='lat' dir='ltr'><strong>Pauloque</strong></span> <span class='ocrx_word' id='word_1_174' title='bbox 592 3640 728 3704; x_wconf 86' lang='lat' dir='ltr'><strong>dicatae</strong></span> <span class='ocrx_word' id='word_1_175' title='bbox 750 3639 889 3705; x_wconf 90' lang='lat' dir='ltr'><strong>ciuitate</strong></span> <span class='ocrx_word' id='word_1_176' title='bbox 906 3641 1081 3706; x_wconf 90' lang='lat' dir='ltr'><strong>Wentana</strong></span> <span class='ocrx_word' id='word_1_177' title='bbox 1097 3639 1253 3704; x_wconf 86' lang='lat' dir='ltr'><strong>haeredi-</strong></span> 
     </span>
     <span class='ocr_line' id='line_1_30' title="bbox 197 3739 1253 3824; baseline -0.002 -18"><span class='ocrx_word' id='word_1_178' title='bbox 197 3741 285 3806; x_wconf 87' lang='lat' dir='ltr'><strong>tarie</strong></span> <span class='ocrx_word' id='word_1_179' title='bbox 308 3741 555 3824; x_wconf 88' lang='lat' dir='ltr'><strong>perpetualiter</strong></span> <span class='ocrx_word' id='word_1_180' title='bbox 570 3741 743 3823; x_wconf 87' lang='lat' dir='ltr'><strong>impendo,</strong></span> <span class='ocrx_word' id='word_1_181' title='bbox 762 3739 813 3804; x_wconf 91' lang='lat' dir='ltr'><strong>ita</strong></span> <span class='ocrx_word' id='word_1_182' title='bbox 828 3746 869 3803; x_wconf 92' lang='lat' dir='ltr'><strong>ut</strong></span> <span class='ocrx_word' id='word_1_183' title='bbox 884 3739 999 3805; x_wconf 87' lang='lat' dir='ltr'><strong>nullus</strong></span> <span class='ocrx_word' id='word_1_184' title='bbox 1015 3759 1253 3805; x_wconf 88' lang='lat' dir='ltr'><strong>successorum</strong></span> 
     </span>
     <span class='ocr_line' id='line_1_31' title="bbox 196 3840 1253 3925; baseline -0.002 -18"><span class='ocrx_word' id='word_1_185' title='bbox 196 3861 349 3907; x_wconf 85' lang='lat' dir='ltr'><strong>meorum</strong></span> <span class='ocrx_word' id='word_1_186' title='bbox 367 3842 475 3924; x_wconf 84' lang='lat' dir='ltr'><strong>ipsius</strong></span> <span class='ocrx_word' id='word_1_187' title='bbox 491 3848 603 3906; x_wconf 86' lang='lat' dir='ltr'><strong>terrae</strong></span> <span class='ocrx_word' id='word_1_188' title='bbox 629 3840 821 3925; x_wconf 88' lang='lat' dir='ltr'><strong>portionem</strong></span> <span class='ocrx_word' id='word_1_189' title='bbox 845 3841 888 3904; x_wconf 92' lang='lat' dir='ltr'><strong>ab</strong></span> <span class='ocrx_word' id='word_1_190' title='bbox 907 3840 1074 3905; x_wconf 89' lang='lat' dir='ltr'><strong>aecclesia</strong></span> <span class='ocrx_word' id='word_1_191' title='bbox 1095 3841 1150 3904; x_wconf 92' lang='lat' dir='ltr'><strong>dei</strong></span> <span class='ocrx_word' id='word_1_192' title='bbox 1165 3861 1253 3905; x_wconf 91' lang='lat' dir='ltr'><strong>nun·</strong></span> 
     </span>
     <span class='ocr_line' id='line_1_32' title="bbox 196 3940 1254 4025; baseline 0.003 -21"><span class='ocrx_word' id='word_1_193' title='bbox 196 3960 300 4024; x_wconf 89' lang='lat' dir='ltr'><strong>quam</strong></span> <span class='ocrx_word' id='word_1_194' title='bbox 329 3948 638 4025; x_wconf 85' lang='lat' dir='ltr'><strong>praesumptuosus</strong></span> <span class='ocrx_word' id='word_1_195' title='bbox 667 3943 812 4006; x_wconf 88' lang='lat' dir='ltr'><strong>auferat.</strong></span> <span class='ocrx_word' id='word_1_196' title='bbox 878 3941 924 4005; x_wconf 91' lang='lat' dir='ltr'><strong>Et</strong></span> <span class='ocrx_word' id='word_1_197' title='bbox 951 3940 1036 4005; x_wconf 85' lang='lat' dir='ltr'><strong>haec</strong></span> <span class='ocrx_word' id='word_1_198' title='bbox 1066 3946 1145 4004; x_wconf 89' lang='lat' dir='ltr'><strong>acta</strong></span> <span class='ocrx_word' id='word_1_199' title='bbox 1172 3951 1254 4007; x_wconf 90' lang='lat' dir='ltr'><strong>sunt</strong></span> 
     </span>
     <span class='ocr_line' id='line_1_33' title="bbox 197 4040 1254 4108; baseline 0 -2"><span class='ocrx_word' id='word_1_200' title='bbox 197 4061 288 4107; x_wconf 92' lang='lat' dir='ltr'><strong>auno</strong></span> <span class='ocrx_word' id='word_1_201' title='bbox 306 4043 351 4105; x_wconf 93' lang='lat' dir='ltr'><strong>ab</strong></span> <span class='ocrx_word' id='word_1_202' title='bbox 365 4042 601 4108; x_wconf 84' lang='lat' dir='ltr'><strong>incarnatione</strong></span> <span class='ocrx_word' id='word_1_203' title='bbox 618 4043 746 4107; x_wconf 91' lang='lat' dir='ltr'><strong>domini</strong></span> <span class='ocrx_word' id='word_1_204' title='bbox 763 4058 999 4106; x_wconf 75' lang='lat' dir='ltr'><strong>‚nooxnvuru</strong></span> <span class='ocrx_word' id='word_1_205' title='bbox 1017 4046 1053 4104; x_wconf 91' lang='lat' dir='ltr'><strong>et</strong></span> <span class='ocrx_word' id='word_1_206' title='bbox 1069 4046 1108 4104; x_wconf 94' lang='lat' dir='ltr'><strong>ut</strong></span> <span class='ocrx_word' id='word_1_207' title='bbox 1121 4040 1254 4106; x_wconf 89' lang='lat' dir='ltr'><strong>firmius</strong></span> 
     </span>
    </p>

    <p class='ocr_par' dir='ltr' id='par_1_11' title="bbox 197 4140 1255 4227">
     <span class='ocr_line' id='line_1_34' title="bbox 197 4140 1255 4227; baseline -0.003 -20"><span class='ocrx_word' id='word_1_208' title='bbox 197 4142 416 4227; x_wconf 84' lang='lat' dir='ltr'><strong>supradictae</strong></span> <span class='ocrx_word' id='word_1_209' title='bbox 446 4143 641 4209; x_wconf 86' lang='lat' dir='ltr'><strong>donationis</strong></span> <span class='ocrx_word' id='word_1_210' title='bbox 679 4162 776 4208; x_wconf 86' lang='lat' dir='ltr'><strong>meae</strong></span> <span class='ocrx_word' id='word_1_211' title='bbox 809 4140 1044 4206; x_wconf 85' lang='lat' dir='ltr'><strong>munificentia</strong></span> <span class='ocrx_word' id='word_1_212' title='bbox 1076 4142 1255 4206; x_wconf 84' lang='lat' dir='ltr'><strong>roboretur</strong></span> 
     </span>
    </p>
   </div>
   <div class='ocr_carea' id='block_1_11' title="bbox 0 0 1457 4890">
    <p class='ocr_par' dir='ltr' id='par_1_12' title="bbox 0 0 1457 4890">
     <span class='ocr_line' id='line_1_35' title="bbox 0 0 1457 4890; baseline 0 0"><span class='ocrx_word' id='word_1_213' title='bbox 0 0 1457 4890; x_wconf 95' lang='lat' dir='ltr'><strong> </strong></span> 
     </span>
    </p>
   </div>
  </div>
 </body>
</html>
