2888 4890
448 358 620 405 enarras
645 356 991 406 rneuosaxonrcan.
1184 339 1250 404 399

249 510 287 589 »14
319 509 395 590 Ego
422 512 582 594 Eaduuig
623 533 686 577 rex
710 513 998 596 Angolsaxonnm
1026 514 1091 578 hoc
1118 515 1246 578 donum

193 627 271 670 cum
289 611 464 693 triumpho
482 614 583 694 agiae
605 615 717 678 crucis
731 615 900 696 impressi.
965 615 1004 694 »14
1026 614 1102 694 Ego
1119 613 1244 697 Byrht·

193 707 303 770 elmus
324 712 464 791 praesul
488 713 698 776 confirmaui.
769 716 809 795 »14
840 714 916 792 Ego
934 712 1041 777 Osuls
1063 713 1245 796 episcopus

192 810 361 873 consensi.
425 814 465 893 »14
487 813 563 892 Ego
587 812 808 894 Byrhtelmns
833 813 1018 895 episcopus
1039 813 1245 877 condictaui.

198 907 238 986 »14
257 907 333 988 Ego
350 909 574 975 AEifuuoldus
591 913 774 995 episcopus
789 913 979 992 assignaui.
1028 914 1067 993 »14
1084 913 1160 993 Ego
1173 913 1247 976 Da·

193 1005 260 1068 niel
284 1007 467 1090 episcopus
492 1012 692 1093 subscripsi.
746 1014 786 1093 »14
807 1012 885 1093 Ego
900 1010 1039 1092 AElfgar
1057 1013 1148 1093 regis
1165 1032 1245 1094 pro·

191 1107 341 1187 pinquus
363 1110 557 1176 testificaui.
614 1112 652 1191 »14
670 1111 747 1191 Ego
765 1111 952 1194 Byrhtfer’d
970 1111 1122 1174 eiusdem
1140 1112 1247 1175 frater

192 1205 389 1270 testificaui.
456 1211 494 1290 »14
515 1210 592 1289 Ego
611 1210 759 1274 Ealdrcd
777 1213 869 1292 regis
890 1210 1028 1274 discifer
1049 1211 1245 1275 testificaui.

195 1304 238 1388 »14
264 1304 342 1386 Ego
355 1306 518 1389 AElsuuig
545 1309 638 1390 regis
659 1311 825 1392 pincerna
847 1310 1044 1375 testificaui.
1107 1311 1149 1395 »14
1169 1311 1245 1392 Ego

193 1403 331 1484 Ordgar
357 1407 521 1473 minister.
570 1412 610 1491 »14
631 1408 708 1491 Ego
737 1408 856 1474 Leoua
883 1410 1046 1474 minister.
1106 1410 1149 1494 »14
1168 1410 1245 1490 Ego

193 1503 318 1567 Eadric
351 1506 517 1570 minister.
570 1509 614 1593 »14
641 1509 717 1590 Ego
749 1510 930 1591 Byrhtnoti
958 1508 1124 1571 minister.
1198 1509 1242 1593 »14

193 1602 269 1684 Ego
286 1603 447 1687 Byrhtric
471 1608 636 1672 minister.
692 1609 734 1693 »14
755 1609 831 1690 Ego
846 1608 1026 1690 AEtielsige
1041 1608 1208 1673 minister.

670 1789 792 1800 .—

624 1900 817 1967 uccxv.

560 2024 780 2126 sanwic,
806 2051 883 2116 ces.

244 2200 287 2284 »14
308 2199 513 2263 Ruenrnrn
541 2199 578 2263 in
604 2209 808 2283 perpetuum
837 2199 976 2263 domino
1001 2206 1121 2264 nostro
1137 2199 1244 2264 Ihesu

193 2298 344 2377 Christo,
380 2300 532 2363 omnium
573 2300 761 2364 uisibilium
798 2305 833 2362 et
865 2298 1090 2363 inuisibilium
1129 2319 1243 2363 rerum

191 2407 347 2462 creatore
373 2400 409 2462 in
440 2406 644 2481 perpetuum
675 2406 853 2482 regnante,
880 2406 916 2463 et
943 2417 965 2462 a
991 2418 1126 2463 summo
1157 2400 1244 2464 coeli

191 2498 332 2578 fastigio
349 2500 464 2562 omnia
481 2518 666 2580 regnorum
685 2499 762 2563 iura
779 2500 1003 2582 disponente!
1044 2498 1185 2563 Cunctis
1203 2517 1245 2563 ea

192 2616 282 2678 quae
299 2606 381 2661 sunt
394 2617 479 2662 uera
494 2598 713 2661 cernentibus
731 2599 950 2663 manifestum
968 2599 1127 2680 estquod
1145 2617 1244 2680 prac-

190 2697 302 2760 scntis
340 2699 433 2760 uitae
469 2699 682 2779 prosperitas
713 2698 832 2761 mundi
872 2697 1021 2780 strepitu
1054 2698 1244 2762 deficiendo

192 2797 441 2879 corrumpitur;
470 2816 560 2860 nunc
589 2796 696 2877 igitur
722 2798 766 2861 de
794 2798 897 2860 rebus
927 2796 1186 2880 temporalibus,
1215 2799 1245 2861 si

192 2898 278 2959 bene
294 2896 545 2977 dispensentur,
561 2905 703 2961 aeterna
716 2896 855 2960 iusticia
869 2904 1099 2978 comparatur.
1143 2897 1245 2960 Unde

192 3015 257 3076 ego
277 2994 421 3076 Eadwig
443 3016 506 3058 rex
521 2995 713 3077 Anglorum
735 2997 945 3076 gubernator
966 3002 1002 3058 et
1022 3002 1147 3071 rector,
1172 2997 1244 3058 cui-

193 3094 273 3157 dam
293 3114 369 3158 meo
385 3094 585 3160 fidelissimo
600 3095 755 3157 ministro
770 3095 831 3176 qui
855 3096 898 3158 ab
920 3092 1136 3157 incunabulis
1160 3113 1243 3158 suae

191 3193 425 3258 infantilitatis
447 3213 571 3258 nomen
595 3194 730 3276 accepit
756 3194 891 3258 Uulsric
912 3210 956 3255 .v.
984 3200 1140 3257 cassatos
1164 3213 1242 3276 per·

190 3292 377 3374 petualiter
394 3294 555 3369 concedo,
580 3294 615 3355 in
638 3293 699 3357 illo
721 3294 796 3358 loco
814 3293 873 3356 ubi
897 3293 1065 3357 ruricolae
1088 3294 1242 3375 appella·

191 3394 265 3457 tiuo
293 3410 359 3456 usu
390 3392 657 3474 ludibundisque
687 3392 865 3456 uocabulis
894 3412 1016 3456 nomen
1047 3391 1243 3457 indiderunt

162 3546 168 3555 .
191 3500 237 3556 eet
260 3492 538 3555 Denecesuurae.
587 3490 729 3554 Habeat
744 3498 859 3554 autem
883 3491 1126 3573 possideatque
1148 3492 1241 3555 uitae

191 3611 275 3655 suae
293 3599 447 3673 tempore
459 3610 573 3655 meum
594 3590 712 3670 regale
726 3590 876 3663 donum;
905 3597 939 3653 et
963 3597 1146 3672 postquam
1164 3590 1240 3652 nni·

190 3691 368 3755 uersitatis
384 3691 477 3754 uiam
493 3689 627 3764 adierit,
644 3689 847 3771 cuicumque
862 3689 1012 3754 uoluerit
1027 3687 1165 3752 haeredi
1183 3689 1241 3753 de-

190 3792 364 3872 relinquat
379 3790 415 3854 in
433 3797 608 3854 aeternam
628 3787 886 3854 haereditatem.
938 3788 991 3851 Sit
1007 3794 1123 3852 autem
1140 3807 1240 3870 prae-

190 3892 284 3955 dicta
317 3898 410 3954 terra
446 3909 524 3953 cum
565 3889 722 3952 omnibus
756 3889 800 3952 ad
827 3908 864 3951 se
891 3887 960 3951 rite
991 3888 1240 3968 pertinentibus

189 3991 309 4066 libera,
336 3990 479 4072 campis,
507 3990 659 4071 pascuis,
688 3988 809 4072 pratis,
833 3986 945 4064 siluis,
976 3994 1122 4068 excepto
1150 4007 1240 4050 com-

190 4091 285 4154 muni
299 4089 432 4166 labore,
447 4087 678 4170 expeditione,
694 4087 810 4171 pontis
825 4086 958 4149 arcisue
974 4086 1239 4151 constructione.
