2888 4890
451 394 623 442 cennens
646 392 990 442 Anonosnxonrcnn.
1179 376 1245 440 315

193 569 318 613 aeuum
334 551 516 632 gubernat,
530 570 594 614 ceu
608 549 816 632 pupillarum
842 551 983 614 obtutus
1005 570 1067 632 per
1089 550 1242 632 triquad-

192 668 269 713 rum
296 650 458 714 mundum
488 651 615 713 cotidie
646 650 798 713 cernitur
826 669 867 713 ao
897 650 1119 714 manifestata
1143 649 1244 730 signa

193 748 425 826 declarantur,
452 749 623 831 quomodo
656 750 869 813 transeuntis
897 750 1014 813 mundi
1041 748 1243 812 uicissitudo

192 848 364 912 diuturnis
401 848 494 913 horis
532 850 716 912 crescendo
758 848 937 925 decrescit,
976 856 1012 912 et
1044 847 1243 929 ampliando

193 949 389 1027 minuatur;
425 955 541 1012 tamen
567 968 715 1029 superno
743 948 820 1012 sulti
844 947 1051 1012 adminiculo
1081 947 1245 1030 prosequi

193 1047 388 1129 indigemus
410 1048 454 1112 ad
479 1050 563 1112 alta.
611 1047 718 1111 Cuius
734 1047 864 1111 scilicet
881 1048 1027 1111 feruoris
1052 1048 1132 1128 igne
1150 1048 1243 1128 [suc-

193 1149 346 1228 census,]
373 1166 438 1228 ego
465 1147 654 1223 EadreduS,
680 1146 832 1210 basileus
860 1146 1054 1228 Anglorum
1088 1155 1242 1210 caetera·

193 1267 337 1330 rumque
352 1248 508 1329 gentium
530 1248 566 1309 in
590 1247 734 1310 circuitu
759 1248 1016 1328 persistentium
1034 1247 1244 1328 gubernator

194 1355 229 1410 et
254 1354 379 1424 rector,
397 1347 532 1410 cuidam
550 1366 626 1409 meo
649 1345 741 1410 fideli
756 1347 924 1423 ministro,
940 1347 1092 1410 uocitato
1107 1345 1243 1408 nomine

195 1443 423 1526 AEdelgeardo
451 1466 495 1509 .x.
520 1465 657 1509 mansas
686 1447 839 1509 concessi
863 1463 907 1511 .ν.
933 1446 968 1508 in
1004 1445 1118 1509 insula
1153 1463 1243 1527 quae

194 1546 384 1627 uulgariter
422 1546 547 1611 dicitur
584 1545 790 1621 Maecaniae,
826 1545 925 1609 cuius
968 1546 1141 1627 margines
1180 1545 1243 1607 cir·

194 1665 412 1727 cumquaque
437 1645 650 1728 palustribus
687 1645 809 1709 riuulis
835 1644 1071 1708 adiacentibus
1094 1645 1243 1709 ambitae

193 1746 298 1809 certis
333 1745 488 1810 terminis
525 1746 794 1826 comprobantur
825 1762 870 1809 .ν.
898 1765 981 1809 uero
1020 1764 1158 1809 mansas
1197 1753 1243 1808 aet

196 1844 427 1922 Suttanuulle,
456 1864 588 1908 necnon
624 1853 726 1909 extra
757 1844 841 1908 illud
877 1844 1055 1908 castellum
1082 1844 1174 1927 quod
1198 1844 1243 1907 ab

195 1946 388 2027 antiquitus
417 1943 482 2008 hoc
512 1964 623 2027 usque
659 1952 796 2025 tempus
828 1951 974 2008 uocatur
1001 1943 1242 2026 Uulingaford‚

196 2052 248 2107 ter
265 2044 441 2109 duodenas
468 2051 605 2125 segetes
629 2044 780 2108 cumbis
800 2045 914 2125 quinis
937 2045 1028 2125 prati
1054 2044 1242 2125 iugeribus,

194 2145 286 2226 quod
309 2142 455 2225 Anglice
471 2144 596 2207 dicitur
610 2160 759 2207 ‚xxxva
775 2162 884 2206 aecera
907 2142 1092 2225 yffilandes
1110 2143 1178 2206 and
1195 2163 1242 2206 .x.

193 2263 321 2307 aeoeras
355 2244 475 2320 meede,
501 2263 613 2325 aequo
643 2253 678 2308 et
707 2243 799 2306 laeto
832 2243 947 2306 animo
980 2243 1147 2319 concessi,
1180 2262 1244 2306 ceu

193 2344 350 2424 superius
372 2344 622 2425 praescriptum
644 2350 709 2419 est,
732 2343 768 2405 in
784 2349 959 2405 aeternam
983 2342 1242 2405 haereditatem.

195 2443 245 2506 Ut
273 2451 397 2507 terram
424 2443 493 2506 iarn
520 2442 725 2524 praefatam,
748 2461 824 2505 meo
853 2441 984 2505 scilicet
1007 2448 1133 2505 ouante
1161 2461 1241 2505 con·

194 2561 305 2619 cessu,
321 2543 515 2606 tramitibus
533 2561 617 2605 suae
637 2541 813 2624 possideat
828 2543 943 2615 uitae;
967 2542 1127 2622 deinceps
1148 2560 1242 2604 nam-

195 2661 262 2723 que
286 2642 352 2705 sibi
373 2642 572 2706 succedenti
594 2643 797 2723 cuicumque
813 2641 962 2705 uoluerit
977 2641 1115 2704 haeredi
1132 2648 1243 2703 aeter-

194 2743 319 2805 naliter
340 2741 568 2823 derelinquat.
622 2741 766 2804 Maneat
785 2741 892 2821 igitur
908 2760 1022 2803 meum
1045 2740 1109 2804 hoc
1124 2741 1244 2802 immo-

195 2841 263 2905 bile
278 2842 406 2906 donum
431 2848 574 2904 aeterna
598 2840 758 2904 libertate
777 2840 973 2917 iocundum,
991 2860 1069 2903 cum
1085 2840 1242 2902 omnibus

196 2960 285 3022 quae
313 2941 378 3003 rite
406 2940 451 3003 ad
479 2939 657 3021 praedicta
694 2940 773 3003 loca
804 2940 975 3021 pertinere
1006 2939 1242 3014 dinoscuntur,

194 3040 338 3122 campis,
354 3040 505 3121 pascuiS,
533 3041 655 3122 pratis,
682 3046 827 3120 excepto
849 3040 1020 3102 communi
1037 3039 1165 3113 labore,
1181 3058 1243 3101 ex·

195 3139 380 3221 peditione,
410 3140 528 3222 pontis
557 3140 691 3202 arcisue
716 3139 982 3203 constructione.
1032 3139 1155 3220 siqui
1184 3138 1243 3200 de-

194 3240 309 3320 nique,
324 3238 427 3302 michi
442 3258 510 3302 non
527 3240 674 3320 optanti,
690 3236 780 3302 hanc
794 3237 964 3302 libertatis
986 3245 1117 3301 cartam
1134 3238 1243 3301 liuore

184 3339 345 3427 ‘depressi
368 3337 491 3402 uiolari
508 3338 711 3420 satagerint,
728 3337 923 3419 agminibus
951 3343 1061 3402 tetrae
1086 3337 1244 3418 caliginis

194 3437 284 3520 lapsi
310 3456 431 3502 uocem
459 3437 602 3501 audiant
633 3438 899 3502 examinationis
924 3437 979 3500 die
1013 3437 1151 3501 arbitris
1178 3437 1243 3499 sibi

193 3536 550 3615 dicentiS,‘Discedite
568 3557 589 3600 a
603 3557 657 3600 me
672 3537 845 3600 maledicti
862 3536 1027 3618 inignem
1043 3533 1243 3609 aeternum,'

194 3638 350 3700 obicum
375 3637 600 3699 daemonibus
624 3636 743 3700 ferreis
759 3636 995 3717 sartaginibus
1021 3635 1150 3699 crudeli
1175 3640 1243 3697 tor-

194 3744 365 3820 queantur
391 3736 426 3798 in
454 3755 579 3818 poena,
614 3737 643 3799 si
674 3756 742 3799 non
768 3743 849 3798 ante
873 3748 1018 3799 mortem
1045 3734 1151 3816 digna
1178 3733 1243 3798 hoc

194 3836 451 3903 emendauerint
474 3836 696 3917 poenitentia.
743 3834 809 3901 Dis
835 3842 916 3917 synt
941 3840 989 3900 ’da
1014 3825 1066 3896 fif
1088 3823 1171 3897 hida
1198 3842 1244 3898 aet

195 3937 399 4017 Maccanige
421 3941 466 3998 oe
485 3934 627 3999 Gibhild
643 3925 704 3999 seo
722 3936 800 3999 lacu
825 3933 892 3998 eall
908 3927 1063 3999 anbsrtan
1078 3934 1181 3998 baelis
1198 3953 1242 3996 on

193 4024 277 4099 ffilce
313 4035 434 4099 healfe.
497 4041 619 4098 Donne
648 4035 721 4116 lig'o
759 4035 813 4097 bae
849 4039 983 4098 noi³6an
1024 4023 1107 4097 barn
1143 4039 1241 4115 porte

196 4151 341 4198 ‚xxxvi
358 4153 469 4198 aecera
496 4134 688 4216 yrolandes,
718 4133 785 4196 and
810 4153 853 4196 .x.
872 4123 1148 4228 aecerasnmffida
1176 4132 1242 4195 and
