2888 4890
271 361 338 428 220
550 380 722 433 unnnrnn
745 379 1089 427 nuouosnxourcle.

274 535 396 599 seriem
428 536 574 619 quisque
614 538 746 602 sollerti
780 538 905 600 mentis
934 537 1090 600 acumine
1129 537 1329 619 perlustret,

275 643 452 717 expertem
479 637 650 719 repperiet
675 638 812 701 debitae
835 637 956 700 mortis
979 637 1150 715 extitisse,
1164 637 1330 721 illamque

274 735 387 800 iustae
414 737 611 801 seueritatis
640 739 844 802 sententiam
871 737 1077 819 protoplasti
1107 737 1328 819 praeuarica-

275 835 378 899 tionis
405 855 533 900 noxam
557 837 706 904 delatam
729 836 894 913 ouasisse,
912 844 952 900 ut
970 836 1108 914 dicitur,
1126 837 1258 901 ‘Terra
1280 857 1328 915 es,

275 935 360 999 etin
377 942 504 1000 terram
521 937 606 1012 ibis;
632 938 746 1019 puluis
767 957 816 1014 es,
828 937 909 1000 etin
924 936 1103 1018 puluerem
1118 937 1328 1002 reuerteris!

275 1033 496 1117 Quapropter
517 1056 584 1118 ego
607 1037 844 1114 AEttelstanus,
864 1035 1015 1099 nodante
1036 1036 1091 1100 dei
1114 1038 1241 1118 gratia,
1265 1039 1328 1101 ba·

274 1135 379 1198 silaus
402 1133 597 1218 Anglorum
630 1145 665 1201 et
697 1155 806 1219 aeque
842 1137 950 1200 totius
976 1137 1207 1220 Bryttanniae
1233 1139 1328 1202 orbis

274 1236 472 1316 ouragulus,
490 1236 694 1318 antilogium
718 1237 1021 1321 praedecessorum
1045 1255 1196 1301 meorum
1223 1245 1258 1301 et
1277 1258 1328 1301 ro-

274 1334 404 1416 galium
433 1336 619 1400 insularum
646 1358 715 1400 non
741 1337 960 1413 obliuiscens,
987 1336 1079 1406 fideli
1101 1356 1177 1400 meo
1208 1337 1327 1425 minis-

274 1441 328 1499 tro
347 1436 485 1499 nomine
505 1437 644 1518 Witgar
662 1438 813 1520 aliquam
833 1437 918 1501 iuris
940 1436 1008 1499 mei
1024 1443 1167 1519 partem'
1179 1436 1328 1502 libenter

273 1535 450 1616 largiendo
467 1535 616 1605 concedo
633 1555 704 1601 ‚vin
723 1556 862 1601 mansas
880 1537 916 1600 in
932 1536 993 1599 illo
1011 1535 1088 1600 loco
1108 1537 1167 1599 ubi
1186 1536 1327 1602 ruricoli

267 1636 430 1699 uocitant
455 1635 703 1715 Hamanfunta,
721 1645 760 1702 ut
783 1636 910 1701 habeat
932 1644 967 1700 et
984 1635 1165 1719 'possideat
1188 1637 1326 1720 praefa-

273 1740 345 1798 tam
370 1743 496 1803 terram
518 1737 680 1818 quamdiu
705 1738 821 1801 uitalis
845 1737 987 1820 spiritus
1011 1736 1047 1798 in
1070 1736 1249 1817 ergastulo
1271 1738 1326 1801 sni

273 1836 426 1917 corporis
449 1836 602 1918 degendo
626 1836 832 1912 inhaeserit3
860 1844 895 1901 et
917 1842 998 1918 post
1025 1855 1063 1898 se
1086 1837 1189 1899 trium
1213 1836 1326 1901 homi-

267 1953 355 1997 ·num
371 1934 502 1998 dierum
519 1934 647 2000 habeat
660 1937 802 2001 liberam
825 1942 1033 2019 potestatem
1050 1935 1199 2000 donandi
1220 1938 1325 2000 relin-

272 2035 466 2118 quendique
505 2054 583 2099 cnm
621 2038 780 2100 omuibus
816 2037 860 2100 ad
891 2055 928 2100 se
960 2036 1025 2099 rite
1059 2036 1325 2118 pertinentibus,

272 2135 426 2217 campis,
440 2135 550 2213 siluis,
573 2137 696 2219 pratis,
721 2137 889 2219 piscariis,
913 2154 1149 2218 aquarumque
1170 2136 1324 2201 decursi-

272 2236 349 2312 bus,
373 2241 408 2298 et
431 2235 466 2297 in
489 2237 648 2299 omnibus
674 2236 907 2301 mundialibus
932 2235 1045 2300 causis
1071 2235 1118 2298 sit
1142 2234 1252 2300 libera
1279 2239 1324 2301 ab

273 2335 366 2398 omni
387 2335 496 2415 regali
520 2335 650 2400 tributo
668 2337 733 2400 nisi
750 2336 981 2418 expeditione,
1000 2342 1036 2398 et
1051 2335 1141 2398 arcis
1162 2337 1324 2418 pontisne

272 2435 537 2499 constructione.
577 2435 614 2499 Si
626 2436 703 2518 quis
717 2435 782 2500 hoc
792 2443 946 2501 nostrum
964 2434 1090 2498 donum
1108 2436 1324 2515 custodierit,

272 2554 350 2598 cum
389 2533 680 2617 triumphantibus
696 2603 699 2607 ,
716 2535 903 2618 tripudium
940 2542 1099 2599 aeternae
1136 2537 1324 2602 suauitatis

272 2634 418 2716 gloriam
451 2634 629 2700 inolescat.
699 2635 760 2699 Sin
791 2636 902 2712 aliter,
932 2635 1024 2717 qnod
1052 2654 1121 2697 non
1151 2643 1323 2719 optamus,

271 2735 416 2818 antiqua
443 2735 696 2799 machinatione
723 2731 851 2800 diaboli
876 2734 1006 2798 fraudis
1035 2734 1183 2797 inlectus
1205 2735 1323 2814 fuerit,

272 2841 307 2897 et
331 2834 397 2898 hoc
424 2843 580 2898 nostrum
607 2836 782 2899 decretum
810 2842 944 2898 mutare
972 2834 1151 2913 satagerit,
1170 2836 1323 2901 terribile

271 2934 503 3016 spectaculum
524 2936 614 2999 inter
635 2935 764 2998 rabidis
784 2936 925 2999 rictibus
946 2933 1129 2997 crudeliter
1146 2932 1322 3019 discerpa-

271 3042 329 3097 tur
348 3041 384 3097 et
403 3034 529 3098 nullius
550 3034 769 3099 aduentantis
791 3034 1061 3099 consolationem
1083 3034 1218 3114 uspiam
1242 3056 1322 3120 rep-

271 3135 382 3217 perire
398 3135 560 3215 potuerit.
601 3133 693 3198 Acta
710 3135 856 3199 esthaec
875 3133 1054 3218 praedicta
1071 3134 1210 3198 donatio
1228 3154 1322 3202 anno

273 3255 320 3298 .x.
348 3233 586 3319 gloriosissimi
612 3234 779 3318 praedicti
804 3237 906 3316 regis.
959 3233 1044 3297 Istis
1069 3234 1223 3298 terminis
1253 3237 1322 3301 cir-

265 3341 474 3417 cumgyrata
495 3344 571 3410 esse
593 3335 742 3399 uidetur.
806 3333 867 3398 Dis
895 3333 980 3416 synd
1007 3337 1082 3397 dees
1106 3333 1238 3398 landaes
1260 3357 1325 3419 ge·

271 3423 378 3497 maro
415 3440 462 3497 aet
481 3492 485 3501 ,
502 3423 778 3499 Hamanfuntan.
855 3434 973 3497 AErest
1007 3423 1084 3499 ater
1117 3434 1322 3502 Ocerburna

272 3525 406 3616 fittscyt
438 3553 482 3596 on
513 3523 583 3615 st‘e3
625 3539 698 3599 ttaet
731 3525 805 3618 fipp
835 3534 985 3615 andlang
1022 3534 1248 3598 Ocerburnan
1280 3528 1322 3602 td

270 3623 409 3697 halelan
432 3652 584 3698 maerscae
606 3623 874 3699 eastaeweardan
897 3633 1048 3715 andlang
1070 3624 1224 3714 brdcaes3
1252 3633 1323 3701 taet

271 3734 344 3796 oser
361 3738 408 3797 tta
433 3724 522 3799 stret
545 3742 591 3798 aet
609 3734 875 3815 Utelanbricge;
900 3738 1011 3798 tienne
1039 3733 1123 3796 ofaer
1145 3739 1192 3799 ’aa
1218 3725 1323 3801 strffit

270 3823 373 3897 twam
391 3833 441 3897 les
455 3839 511 3898 ttae
525 3835 642 3920 brittig
655 3835 781 3916 gyrda;
806 3835 958 3915 andlang
974 3835 1183 3897 burnstowae
1194 3838 1322 3902 asenne

268 3923 334 3998 tter
349 3921 426 3997 east
440 3923 478 3997 td
496 3941 619 3998 stucan
634 3936 716 3998 wisc
740 3943 786 3997 aet
806 3932 901 3998 daene
918 3932 1159 4012 mearcbeorb3
1181 3937 1319 4001 asennaa

270 4033 421 4114 andlang
438 4023 540 4098 rdewe
559 4054 603 4097 on
624 4025 773 4118 pornwic
790 4022 1045 4099 eastaeweardae
1068 4025 1107 4099 to
1125 4030 1191 4097 don
1209 4025 1320 4100 witao

267 4138 413 4213 stoccae3
436 4139 550 4199 donne
571 4135 611 4198 ot'
626 4123 709 4200 dam
725 4125 855 4200 hwitan
871 4143 996 4200 stoccae
1013 4133 1097 4218 burh
1112 4138 1185 4198 beet
1196 4135 1319 4200 wudu-
