2888 4890
443 388 634 437 :cunum
655 389 1003 441 Ancnossxonrcnn.
1181 378 1246 444 123

195 547 323 612 tionem
349 553 463 613 meam
485 568 722 613 successorum
747 569 900 613 meorum
928 570 1049 632 regum
1073 549 1131 614 uel
1153 551 1246 634 prin·

193 648 309 730 cipum
334 646 521 731 infringere
546 659 607 714 aut
632 650 784 714 minuere
812 669 938 713 auarus
964 650 1102 714 innidns
1127 652 1243 716 animo

194 749 418 830 temptauerit
447 749 634 814 anathema
663 751 721 827 sit,
745 749 811 813 nisi
845 758 949 814 antea
975 769 1054 814 cum
1085 751 1244 816 satisfac·

195 848 288 912 tione
318 849 566 914 emendauerit.
632 848 738 915 Anno
770 850 815 914 ab
843 851 1082 915 incarnatione
1115 851 1244 916 domini

195 949 304 1013 nostri
327 949 434 1014 Ihesu
457 948 584 1015 (lhristi
603 966 914 1016 ,nccccmxxvrun
932 951 1118 1015 indictione
1135 968 1244 1015 .x11n.

193 1046 360 1114 kalendas
384 1049 583 1115 Nouember
608 1051 643 1113 in
673 1051 763 1114 hunc
790 1069 917 1114 annum
944 1050 997 1114 sol
1022 1052 1244 1117 obscuratum

193 1147 270 1213 fuit.

247 1251 287 1332 ›1‹
307 1250 386 1331 Ego
403 1250 579 1315 AElfredus
604 1269 664 1314 rex
683 1249 773 1315 hanc
795 1249 1014 1315 donationem
1033 1269 1146 1314 meam
1164 1270 1243 1316 cum

193 1347 293 1430 signo
309 1358 449 1416 sanctae
463 1351 575 1414 crucis
595 1350 807 1416 confirmaui.
865 1353 904 1433 ιχ(
924 1351 1001 1433 Ego
1019 1351 1244 1417 Denewulfus

193 1449 377 1533 episcopus
389 1451 547 1515 consensi
563 1457 598 1515 et
613 1470 691 1514 cum
705 1450 836 1515 uexillo
847 1460 987 1516 sanctae
998 1452 1110 1516 crucis
1123 1453 1245 1516 confir-

194 1550 300 1614 maui.
337 1553 376 1633 ιχ(
391 1551 468 1632 Ego
482 1549 672 1615 AEeelheah
687 1551 879 1634 episcopus.
920 1552 959 1632 '1⁴
975 1551 1052 1634 Ego
1064 1550 1245 1617 AEbelstan

194 1645 375 1733 presbyter
395 1651 553 1714 consensi
572 1657 608 1716 et
627 1670 705 1715 cum
727 1650 856 1714 uexillo
877 1659 1018 1715 sanctae
1036 1654 1147 1717 crucis
1162 1672 1244 1717 con·

195 1749 341 1814 firmaui.
397 1753 437 1833 »Β
457 1751 535 1833 Ego
558 1750 732 1815 AEitelnoo
753 1751 827 1815 dux
850 1751 1050 1833 conscripsi.
1106 1755 1145 1835 '1⁴
1167 1753 1244 1835 Ego

194 1848 353 1914 Wulfred
378 1850 451 1914 dux
479 1852 677 1934 conscripsi.
735 1853 774 1933 ›1‹
806 1849 881 1932 Ego
909 1850 1039 1915 Ordulf
1060 1852 1132 1916 dux
1162 1873 1243 1918 con·

193 1951 329 2032 scripsi.
372 1952 412 2033 ›1‹
428 1950 504 2032 Ego
517 1950 690 2015 Deormod
703 1950 858 2014 minister
871 1952 1067 2033 conscripsi.
1110 1955 1149 2035 *1⁴
1167 1953 1244 2035 Ego

193 2048 378 2115 AE’selstan
415 2051 571 2115 minister
607 2051 806 2133 conscripsi.
878 2052 917 2132 ›1‹
953 2051 1031 2133 Ego
1070 2051 1243 2117 Ealmund

190 2150 348 2215 minister
372 2151 571 2233 conscripsi.
628 2153 667 2233 ιχ(
690 2151 766 2232 Ego
790 2149 948 2213 AElfhere
979 2152 1135 2215 minister
1159 2172 1242 2217 con-

191 2251 325 2332 scripsi.
366 2253 406 2331 ›1‹
423 2251 501 2332 Ego
516 2250 666 2316 AEttered
682 2250 838 2314 minister
852 2250 1050 2332 conscripsi.
1106 2254 1145 2334 ιχ(
1165 2253 1244 2335 Ego

193 2349 327 2414 AElfred
341 2351 498 2415 minister
513 2351 712 2433 conscripsi.
768 2351 807 2430 ›1‹
830 2351 906 2433 Ego
922 2351 1106 2416 AEitelstan
1122 2352 1243 2416 minis-

194 2457 247 2514 ter
263 2451 460 2532 conscripsi.

636 2664 799 2729 MLXV.

394 2806 607 2872 AELFRED
633 2805 697 2870 OF
720 2804 938 2883 WESSEX,
965 2805 1041 2870 882.

242 2945 337 3029 »Flu
349 2947 487 3011 nomine
499 2946 833 3027 altissimigenitoris
845 2946 904 3028 qui
913 2954 1038 3011 cuncta
1049 2947 1242 3013 simul'sub·

197 3054 251 3111 ter
261 3065 362 3110 axem
378 3053 414 3111 et
428 3065 535 3128 supra
550 3046 732 3128 gubernat,
744 3047 870 3128 quique
886 3048 1001 3110 omnia
1013 3067 1076 3112 suo
1090 3048 1245 3131 disponit

196 3152 295 3224 nutu,
313 3145 446 3210 coelum
464 3146 597 3230 pugillo
608 3147 798 3223 continens,
816 3154 942 3210 teriam
964 3147 1081 3229 palma
1098 3156 1242 3226 metens,

197 3246 423 3328 omnibusque
446 3254 485 3310 ut
504 3247 655 3310 uoluerit
676 3246 778 3310 finem
797 3246 967 3328 imponet!
1020 3246 1243 3331 Quapropter

195 3366 260 3429 ego
274 3345 421 3424 AElfred,
440 3346 555 3427 gratia
569 3347 636 3423 dei,
653 3345 831 3410 Saxonum
852 3366 915 3409 rex
934 3345 1054 3411 sedulo
1070 3348 1108 3410 in
1128 3356 1242 3413 mente

194 3447 390 3528 recogitans
419 3446 510 3529 quod
534 3446 651 3511 multis
673 3446 872 3528 saepissime
899 3447 1014 3511 euenit
1041 3448 1174 3512 uicibus
1202 3456 1242 3513 nt

194 3548 281 3611 bene
301 3553 453 3610 tractata
474 3552 579 3629 atque
596 3566 618 3610 a
633 3546 825 3610 senioribus
841 3546 1010 3628 disposita
1027 3566 1090 3629 per
1105 3548 1240 3612 anfrac-

195 3655 252 3712 tus
273 3646 455 3712 obliuionis
475 3665 535 3711 seu
558 3646 710 3711 incuriae
732 3665 755 3709 a
776 3645 1022 3728 posterioribus
1038 3646 1243 3728 deprauata,

195 3748 269 3811 sine
294 3754 455 3829 respectu
485 3746 711 3822 rectitudinis,
739 3765 814 3809 esse
839 3752 1024 3810 cernuntur
1051 3746 1118 3809 nisi
1146 3748 1242 3829 prius

193 3846 373 3911 fixioribus
407 3847 676 3928 certioribusque
707 3845 886 3909 scedarum
913 3845 1067 3928 apicibus
1095 3846 1130 3907 in
1162 3867 1242 3929 pro-

193 3945 313 4030 patulo
326 3944 538 4029 adstipulata
555 3945 628 4010 fore
642 3946 898 4026 demulgantur.
951 3944 1053 4009 Unde
1066 3965 1130 4026 ego
1150 3947 1242 4011 dabo

192 4046 326 4110 cuidam
336 4046 428 4110 fideli
438 4067 515 4110 meo
525 4046 682 4110 ministro
691 4046 897 4110 AEttelstano
907 4053 1034 4109 terram
1045 4042 1153 4129 [.xv.]
1163 4066 1239 4111 cas-

191 4145 1238 4230 satoruminlocoquiaruricolisCyricestunappellatur,pro
