2888 4890
252 358 296 422 26
514 371 687 421 cunarnu
711 371 1062 422 Anonosnxomcnn.

253 552 341 610 mur,
376 532 465 597 sicut
496 533 610 615 ipsum
643 532 729 596 coeli
769 531 949 595 ianitorem
979 531 1100 596 timent
1130 531 1312 598 offendere.

253 632 290 696 Si
319 632 396 715 quis
429 641 544 697 autem
578 632 663 703 haec
697 633 732 695 in
765 633 893 714 aliquo,
923 632 1015 714 quod
1043 632 1145 709 absit,
1177 633 1311 697 uiolare

253 734 535 817 praesumpserit,
551 734 796 815 cuiuscumque
817 733 1001 814 potestatis
1026 740 1088 796 aut
1105 733 1232 796 ordinis
1250 735 1310 809 sit,

253 834 603 898 excommunicatorio
645 833 754 916 ipsius
798 833 909 897 sancti
939 831 1037 896 Petri
1075 833 1204 912 gladio,
1242 833 1311 897 nisi

253 934 498 1010 emendauerit,
515 933 706 998 excidatur.
723 936 732 945 ‘
759 932 829 1011 Qut
852 951 934 996 uero
949 933 1164 1011 custodierit,
1181 933 1310 1017 quique

252 1054 307 1098 res
335 1035 522 1099 aecclesiae
547 1033 758 1116 amplificare
789 1033 962 1111 maluerit,
994 1033 1102 1116 ipsius
1142 1034 1310 1116 clauigeri

251 1135 376 1217 gratia.
397 1135 619 1218 suscipiatur,
647 1141 682 1198 et
716 1134 807 1197 sicut
839 1133 992 1197 infernus
1024 1135 1233 1216 raptoribus,
1254 1134 1308 1199 ita

253 1235 489 1299 defensoribus
506 1235 579 1299 eius
600 1234 782 1317 paradisus
803 1235 988 1316 aperiatur.
1042 1233 1137 1298 Huic
1154 1254 1238 1317 ergo
1255 1234 1313 1299 de-

224 1314 399 1400 sfinitioni
421 1335 518 1417 regia
536 1335 688 1417 dignitas
710 1340 841 1413 uestra,
863 1340 902 1398 ut
920 1342 1071 1398 uestram
1094 1335 1310 1400 maiestatem

252 1436 362 1514 decet,
379 1435 608 1500 indelebiliter
624 1436 829 1499 subscribat.
883 1435 973 1512 Tua,
990 1455 1140 1518 quoque,
1158 1435 1311 1512 deuotio,

253 1536 529 1600 reuerentissime
558 1535 665 1600 frater
691 1535 885 1613 Theodore,
915 1555 1018 1619 quem
1058 1543 1130 1600 tam
1164 1534 1310 1600 Graecis

253 1656 357 1718 quam
395 1636 562 1700 Romanis
603 1635 876 1700 institutionibus
915 1644 1019 1718 atque
1058 1635 1309 1700 cruditionibus

252 1737 600 1819 praestantissimum,
625 1737 660 1800 in
684 1736 797 1800 lucem
826 1735 932 1800 totius
950 1736 1161 1813 Britanniae,
1185 1739 1309 1802 beatae

254 1837 438 1901 memoriae
468 1837 667 1902 Uitalianus
696 1837 940 1919 praedecessor
967 1856 1064 1901 meus
1098 1836 1306 1911 destinauit;

253 1936 343 2000 hanc
372 1956 501 2019 quaeso
528 1937 658 2019 regiam
674 1943 709 2000 et
731 1937 958 2019 apostolicam
984 1937 1201 2020 saepedictae
1229 1957 1307 2001 aec·

253 2037 378 2101 clesiae
408 2038 602 2102 libertatem
631 2037 809 2101 uobiscum
844 2038 1078 2111 corroborare,
1106 2049 1142 2102 et
1173 2058 1308 2102 omnem

252 2157 493 2220 peruersorum
515 2138 673 2201 iniuriam
697 2136 815 2203 diuina
839 2137 1136 2202 animaduersione
1157 2138 1309 2202 recidere

253 2246 413 2320 satagat3
438 2238 496 2302 sed
515 2246 551 2303 et
566 2245 703 2302 caetera
718 2237 931 2321 aquilonalia
947 2257 969 2302 a
979 2237 1151 2302 Tamense
1169 2258 1307 2303 monas-

252 2339 341 2402 teria
368 2337 433 2402 hoc
464 2339 530 2402 sibi
564 2358 641 2402 cum
669 2339 794 2401 abbate
827 2358 890 2401 suo
922 2345 1066 2420 paterna
1100 2340 1309 2404 auctoritate

253 2446 428 2522 praestare
449 2438 603 2503 unanimi
625 2458 768 2521 corpore
794 2438 945 2502 faueant.
1004 2438 1169 2503 Similiter
1193 2447 1229 2504 et
1245 2447 1307 2504 tua

254 2539 393 2615 caritaS,
421 2539 527 2603 frater
559 2538 714 2616 Saxulfe,
740 2539 831 2603 sicut
857 2546 893 2602 et
922 2539 1049 2603 obnixe
1075 2539 1193 2622 petisti
1219 2539 1308 2606 hanc

252 2640 545 2703 confirmationem
584 2639 882 2722 perseuerabiliter
914 2659 992 2703 cum
1023 2640 1236 2723 coepiscopis
1272 2649 1308 2706 et

255 2740 373 2804 amicis
407 2740 587 2815 subscribi,
611 2747 662 2817 ut,
684 2739 855 2817 uidelicet,
882 2759 945 2803 nec
974 2747 1012 2804 tu
1039 2759 1103 2804 nec
1127 2741 1309 2822 quisquam

253 2858 489 2903 successorum
516 2839 754 2921 episcoporum
781 2841 967 2923 quicquam
992 2840 1094 2903 huius
1122 2842 1308 2906 aecclesiae

255 2948 396 3022 usurpet
422 2947 559 3021 praeter
589 2940 723 3003 abbatis
749 2940 977 3021 praesidentis
1009 2941 1239 3019 uoluntatem,
1266 2962 1308 3007 ne

255 3059 324 3122 qua
357 3039 587 3104 contentionis
625 3040 756 3103 oriatur
788 3041 932 3105 occasio.
998 3040 1056 3104 Sic
1089 3061 1152 3104 uos
1189 3062 1308 3108 omnes

255 3160 332 3202 cum
351 3148 466 3205 uestro
492 3160 572 3222 rege
593 3140 663 3203 filio
684 3147 802 3205 nostro
822 3139 1003 3204 karissimo
1025 3142 1062 3204 in
1084 3160 1169 3225 pace
1191 3150 1307 3207 custo-

254 3240 328 3303 diat
344 3239 398 3304 dei
415 3241 538 3320 gratia.
592 3240 672 3304 Hoc
688 3241 906 3322 priuilegium
927 3261 949 3304 a
965 3248 1087 3306 sancto
1101 3262 1193 3325 papa
1209 3241 1306 3324 Aga-

257 3341 371 3417 thone,
387 3342 597 3404 assentiente
617 3341 762 3405 concilio
780 3350 915 3405 centum
934 3358 1037 3405 .xxv.
1057 3342 1308 3425 episcoporum,

255 3461 316 3523 per
331 3442 645 3505 reuerentissimum
658 3442 856 3524 episcopum
871 3441 1069 3506 Wilfridum
1086 3442 1307 3523 destinatum,
1348 3522 1354 3533 ³

256 3562 320 3623 ego
341 3541 546 3606 AEbelredus
568 3542 622 3605 dei
644 3541 735 3605 dono
760 3562 821 3605 rex
848 3561 938 3606 anno
964 3542 1092 3606 domini
1118 3560 1309 3609 ,ocnxxm

256 3642 390 3723 meique
407 3643 504 3724 regni
524 3658 583 3706 .V1.
597 3641 800 3724 suscipiens
817 3644 1031 3725 approbante
1048 3643 1152 3708 etiarn
1169 3643 1309 3709 domino

256 3742 513 3825 archiepiscopo
546 3741 729 3806 Theodoro
763 3762 839 3805 cunr
878 3742 1024 3808 concilio
1061 3744 1234 3808 celebrato
1272 3746 1309 3810 in

256 3841 544 3925 campoEstfeld,1
555 3852 626 3907 tam
639 3850 817 3925 gratanter
834 3843 943 3925 regali
958 3844 1211 3927 subscriptione
1227 3865 1308 3910 con-

256 3943 364 4019 firmo,
391 3963 493 4025 quam
523 3943 597 4026 ipse
619 3942 848 4006 desideriosus
878 3944 914 4006 in
940 3944 1005 4008 hoc
1028 3953 1171 4009 exactor
1193 3946 1308 4024 extiti,

256 4050 293 4106 ut
319 4043 450 4107 scilicet
466 4043 627 4108 dilectum
652 4044 750 4106 nobis
770 4045 1015 4109 monasterium
1037 4046 1130 4110 beati
1153 4045 1250 4111 Petri
1273 4047 1306 4111 in

652 4169 657 4197 ¹
676 4172 718 4220 Sic
736 4171 774 4220 for
785 4171 918 4221 Hstfeld.
