2888 4890
449 370 622 419 onsurae
644 367 992 419 ssouossxorucss.
1181 351 1249 416 299

190 528 293 593 Odda
319 529 475 594 minister
499 527 669 593 consensi.
739 527 779 608 ›1‹
807 525 884 608 Ego
901 523 1065 604 Wulfgar
1090 523 1246 589 minister

190 630 358 694 consensi.
415 630 455 711 ›1‹
476 628 554 708 Ego
579 625 760 691 Eadmund
789 625 946 689 minister
968 625 1137 689 consensi.
1200 625 1240 706 ›1‹

189 729 267 811 Ego
284 728 437 795 Wulflal
447 728 601 792 minister
617 726 787 792 consensi.
837 727 877 808 ›1‹
892 725 972 807 Ego.
983 724 1111 788 AEllric
1126 724 1247 788 minis-

188 837 243 893 ter
274 829 441 894 cousensi.
511 828 551 909 ›1‹
592 827 669 910 Ego
693 825 846 891 AElfstan
882 825 1039 889 minister
1075 817 1270 889 consensi.

193 930 230 1010 ἦ
254 930 331 1012 Ego
350 928 503 993 AElfstan
520 927 675 992 minister
690 924 857 990 consensi.
915 925 955 1006 ›1‹
980 925 1057 1007 Ego
1082 925 1245 990 Ordheab

190 1030 347 1094 minister
374 1028 543 1093 consensi.
614 1029 654 1110 ›1‹
674 1027 751 1108 Ego
777 1024 948 1089 AElfheah
979 1026 1136 1090 minister
1161 1045 1244 1090 con·

189 1130 293 1194 sensi.
363 1130 403 1211 ›1‹
424 1128 500 1209 Ego
522 1125 663 1209 AElfgar
693 1126 850 1190 minister
875 1125 1042 1190 consensi.
1099 1125 1139 1206 ›1‹
1167 1126 1244 1208 Ego

190 1228 355 1293 AEbelred
373 1229 530 1292 minister
552 1225 723 1291 consensi.
779 1225 819 1306 ›1‹
842 1225 919 1306 Ego
943 1223 1095 1307 AElssige
1123 1226 1243 1290 minis·

190 1337 244 1394 ter
274 1329 444 1394 consensi.
524 1324 858 1410 ›1‹.EgoAE’6elred
891 1325 1048 1389 minister
1075 1326 1246 1389 consensi.

196 1431 235 1510 ›1‹
258 1429 335 1509 Ego
357 1427 521 1510 Wihtgar
542 1427 697 1493 minister
719 1426 887 1492 consensi.
943 1427 982 1507 ›1‹
1003 1426 1080 1508 Ego
1096 1425 1245 1490 Wulfric

192 1530 347 1593 minister
362 1528 532 1594 consensi.
583 1531 622 1610 ›1‹
638 1528 716 1609 Ego
731 1526 883 1609 AElfsige
900 1527 1057 1590 minister
1072 1525 1245 1590 consensi.

197 1632 236 1711 ›1‹
255 1628 335 1711 ‘Ego
349 1627 453 1692 Wuls
455 1627 544 1692 belm
560 1627 715 1693 minister
732 1625 902 1691 consensi.

643 1941 801 2006 nonu.

534 2066 801 2170 ninuuun,
826 2092 903 2156 944.

246 2231 285 2311 ›1‹
309 2227 354 2292 ΙΝ
382 2226 521 2292 nomine
554 2232 696 2291 sauctae
727 2223 914 2289 trinitatis!
980 2223 1243 2290 Imminentibus

192 2326 285 2392 uitae
300 2327 439 2404 caducis
455 2325 693 2408 terminisque
707 2324 742 2388 iu
755 2344 830 2401 nos,
842 2323 980 2388 sceleris
995 2325 1127 2390 scilicet
1140 2346 1244 2391 onere

192 2429 314 2510 pressi,
344 2437 431 2493 nutu
461 2427 579 2493 diuino
610 2424 746 2501 statuti,
776 2431 894 2488 tamen
921 2424 1092 2490 dominica
1124 2446 1242 2509 prose-

192 2536 337 2610 quentes
363 2528 505 2605 monita,
529 2534 632 2610 prout
653 2526 801 2607 quimuS,
817 2523 1003 2589 secundum
1032 2525 1117 2589 illud
1141 2546 1244 2590 euan-

194 2627 288 2710 gelii,
320 2629 378 2692 ubi
412 2629 550 2704 dicitur,
584 2627 711 2703 ‘Date,
747 2632 782 2689 et
812 2624 951 2687 dabitur
983 2624 1121 2699 uobis3'
1160 2646 1244 2708 qua-

192 2735 334 2811 propter
361 2748 426 2810 ego
447 2726 671 2791 Eadmundus
700 2744 761 2788 rex
786 2721 980 2804 Anglorum
1012 2732 1244 2789 caeterarum-

193 2847 260 2910 que
286 2829 438 2910 gentium
464 2826 500 2891 in
528 2827 674 2891 circuitu
696 2823 952 2907 persistentium
976 2826 1187 2907 gubernator
1208 2834 1243 2891 et

193 2934 317 3005 rector,
334 2928 469 2993 cuidam
487 2946 564 2990 meo
581 2924 738 2991 ministro
760 2925 915 2990 uocitato
932 2926 1069 2989 nomine
1085 2925 1242 3003 Ordulfo,

194 3028 238 3092 ob
259 3026 353 3091 illius
374 3027 522 3091 amabile
549 3024 751 3107 obsequium
779 3026 920 3108 eiusque
946 3024 1110 3108 placabili
1137 3045 1243 3109 pecu-

192 3127 251 3206 nia
272 3146 375 3209 quam
397 3126 481 3191 mihi
503 3127 540 3190 in
558 3144 642 3190 suae
661 3126 854 3191 deuotionis
874 3126 1040 3208 obsequio
1055 3125 1191 3203 detulit,
1208 3126 1243 3190 id

193 3234 247 3292 est
270 3244 341 3294 .xc.
363 3246 547 3292 mancusas
569 3225 744 3309 purissimi
767 3226 855 3302 auri,
875 3226 1028 3307 aliquam
1049 3226 1244 3309 portionem

193 3327 416 3391 haereditatis
442 3345 539 3392 meae
561 3327 598 3391 in
623 3332 797 3390 aeternam
823 3327 1074 3408 possessiouem
1093 3328 1244 3393 concedo

195 3443 287 3492 .v111.
313 3445 452 3493 mansas
475 3426 630 3510 agelluli,
652 3427 711 3490 ubi
732 3425 915 3503 ruricolae,
931 3428 1074 3510 antiquo
1091 3447 1167 3504 usu,
1182 3448 1243 3492 no-

193 3547 271 3592 men
286 3527 484 3619 indiderunt
499 3536 545 3592 aet
561 3527 814 3611 Bryuingtune,
830 3533 972 3591 eatenus
986 3534 1025 3591 ut
1039 3526 1105 3590 hoc
1121 3526 1242 3591 diebus

192 3628 264 3692 suis
292 3628 469 3711 possideat
492 3628 757 3710 tramitibusque
780 3627 874 3690 uitae
895 3646 998 3707 suae;
1037 3634 1072 3691 et
1101 3633 1181 3708 post
1205 3646 1243 3692 so

192 3726 395 3810 cuicumque
419 3729 483 3793 sibi
510 3728 680 3811 placuerit
702 3733 783 3809 post
805 3726 871 3791 hoc
886 3726 1001 3790 tradat
1016 3725 1243 3792 haereditario

192 3828 427 3905 aetomaliter,
445 3847 509 3891 ceu
527 3826 684 3910 praedixi
707 3826 768 3890 illi.
813 3825 1037 3908 Maneatque,
1055 3833 1157 3908 prout
1175 3827 1242 3891 iam

191 3927 444 4010 praedixeram,
459 3928 585 3992 donum
614 3926 707 3990 istud
730 3926 774 3989 ab
801 3927 893 3990 omni
914 3926 1084 3990 saeculari
1100 3927 1243 3993 seruitio

191 4026 420 4105 exinanitum,
447 4047 524 4092 cum
561 4028 720 4091 omnibus
748 4026 791 4090 ad
822 4045 859 4090 se
889 4026 955 4090 rite
982 4027 1245 4109 pertinentibus

191 4127 336 4212 campis,
364 4129 515 4211 pascuis,
547 4129 670 4211 pratis,
699 4127 809 4203 siluiS,
840 4134 986 4209 excepto
1013 4127 1090 4192 istis
1120 4128 1244 4208 tribus,
