2888 4890
190 362 256 432 296
449 383 622 431 curnula
648 379 991 430 auenosrxourcrn.

194 541 331 605 eulatur
349 547 385 604 et
405 541 502 604 uelut
524 540 747 624 spurcissima
776 546 811 603 et
838 547 1009 604 uenenata
1026 537 1252 602 melancoliae

195 641 390 707 truculenta
412 640 546 723 spicula
568 639 722 704 furorum
740 639 909 722 inspirata
933 639 1110 704 flaminum
1134 638 1251 702 inuec-

196 742 288 806 tione
312 739 489 805 affidorum
519 740 649 804 intimis
677 741 955 822 praecordiorum
973 738 1103 803 Christi
1130 757 1253 801 uerna-

195 840 351 906 culornm
390 840 617 923 receptaculis
659 841 861 922 abnegando
909 839 1101 921 respuendo
1139 838 1252 902 detes·

195 948 314 1005 tantur
330 941 533 1006 cordetenus
554 939 779 1022 funditusque
799 941 970 1005 eneruiter
984 938 1253 1021 contempnitur,

196 1048 236 1104 ut
264 1040 440 1123 praecelsa
480 1059 550 1105 uox
575 1040 778 1104 'conditoris
818 1040 927 1105 nostri
963 1059 1080 1104 amore
1111 1039 1252 1121 proprio

199 1147 334 1218 tonans,
350 1140 444 1204 ‘Uos
462 1141 522 1222 qui
536 1141 645 1204 secuti
658 1141 742 1210 estis
759 1141 858 1204 bonis
872 1140 1033 1224 operibus
1051 1138 1252 1221 centuplum

198 1241 374 1324 accipietis
407 1248 443 1304 et
477 1240 584 1304 uitam
625 1240 845 1323 possidebitis
879 1241 1077 1305 aeternam'
1131 1237 1252 1315 Cuius,

198 1342 341 1419 scilicet,
364 1341 510 1404 feruoris
530 1341 612 1423 igne
634 1347 805 1418 coarctus,
834 1360 900 1422 ego
927 1339 1153 1404 Eadmundus
1178 1338 1252 1403 An·

199 1441 413 1524 gligenarum
437 1460 500 1504 rex
525 1439 660 1504 cuidam
686 1439 841 1522 pontifici
865 1460 943 1505 meo
964 1440 1117 1522 mihique
1142 1440 1253 1504 seruo

198 1543 247 1605 ris
273 1543 355 1623 igne
380 1541 519 1619 dilecto,
537 1541 673 1605 nomine
699 1540 789 1624 quod
815 1548 952 1606 constat
971 1540 1132 1617 AElfrieo,
1149 1559 1252 1631 uene-

200 1642 309 1706 randa
338 1655 402 1723 pro
433 1641 507 1705 eius
536 1641 667 1705 solidae
693 1640 869 1705 fidelitatis
901 1641 1085 1724 prudentia
1114 1650 1253 1704 centum

201 1748 312 1816 terrae
336 1760 473 1805 mansas
490 1741 521 1805 ei
536 1742 618 1804 stilo
634 1741 801 1824 perhenni
820 1741 933 1819 trado,
951 1741 1101 1824 quodam
1123 1741 1159 1804 in
1177 1741 1254 1805 loco

201 1842 390 1905 ueuerabili
412 1841 602 1923 antiquitus
628 1848 663 1904 et
689 1840 801 1905 adhuc
826 1840 1027 1924 cognomine
1054 1847 1137 1905 noto
1153 1841 1254 1905 Bleo-

201 1942 290 2023 burg
312 1941 498 2025 appellato,
517 1941 679 2023 quatinus
703 1941 761 2004 ille
784 1942 871 2006 hene
893 1942 1090 2024 perfruatur
1112 1961 1154 2004 ac
1179 1961 1254 2023 per-

202 2041 386 2124 petualiter
411 2042 598 2124 possideat,
622 2041 702 2105 dum
721 2042 822 2106 huius
843 2042 991 2106 labentis
1013 2043 1092 2106 aeui
1115 2061 1254 2106 cursum

203 2149 356 2207 transeat
380 2142 532 2205 inlaesus
560 2148 664 2223 atque
681 2142 796 2206 uitalis
822 2143 964 2225 spiritus
981 2143 1016 2205 iu
1039 2142 1253 2224 corruptibili

202 2262 304 2306 carne
321 2242 509 2320 inhaereat,
531 2262 608 2305 cum
632 2244 789 2307 omnibus
816 2262 905 2324 quae
931 2243 974 2306 ad
1001 2242 1115 2325 ipsum
1139 2241 1253 2306 locum

203 2343 374 2424 pertinere
390 2343 623 2420 dinoscuntur,
640 2348 712 2406 tam
731 2344 767 2406 in
791 2343 926 2425 maguis
944 2362 1048 2425 quam
1062 2343 1097 2405 in
1113 2343 1255 2407 modicis

202 2444 316 2520 rebus,
332 2444 475 2525 campis,
498 2443 646 2525 pascuis,
671 2444 791 2526 pratis,
807 2444 917 2520 silniS,
932 2438 1160 2525 diriuatisque
1178 2462 1254 2507 cur-

204 2543 299 2606 sibus
321 2562 501 2624 aquarum,
516 2542 605 2606 hanc
623 2551 863 2624 praenotatam
884 2542 1152 2607 munificentiam
1171 2543 1254 2607 inci·

204 2644 321 2724 piente
339 2662 428 2706 anno
443 2644 545 2707 tertio
557 2644 652 2724 regni
664 2645 743 2721 mei,
754 2644 916 2711 roboraui
927 2651 1031 2726 atque
1042 2642 1255 2720 confirmaui,

205 2751 245 2807 ut
281 2744 438 2807 omnibus
477 2742 706 2807 mundialibus
737 2745 948 2825 coangustiis
978 2745 1022 2807 sit
1051 2742 1150 2820 liber,
1190 2743 1256 2807 nisi

206 2842 297 2924 quod
324 2851 442 2908 nostra
470 2844 643 2906 communi
670 2842 788 2908 labore
821 2844 981 2927 pertinet,
1013 2844 1154 2907 minime
1185 2844 1255 2907 cni·

207 2963 311 3025 quam
336 2943 372 3006 in
401 2943 572 3007 obliuione
593 2943 678 3006 illud
706 2945 911 3007 tradendum
935 2951 999 3020 est,
1022 2944 1058 3006 id
1080 2952 1133 3007 est
1151 2963 1253 3026 expe·

208 3042 350 3120 ditione,
380 3043 494 3126 pontis
523 3043 656 3106 areisue
693 3045 968 3122 constructione;
1009 3051 1044 3108 et
1072 3050 1257 3127 postquam

207 3144 443 3207 uniuersitatis
459 3143 550 3206 uiam
568 3135 701 3220 adierit,
716 3145 927 3226 praedictam
944 3144 1164 3208 donationem
1185 3145 1257 3207 cui-

209 3262 353 3324 cumque
391 3243 540 3307 uoluerit
567 3243 705 3306 haeredi
740 3244 966 3326 derelinquat,
1001 3263 1063 3308 ceu
1100 3245 1258 3325 superius

209 3342 378 3424 praedixi,
399 3344 434 3405 in
452 3350 625 3407 aeternam
641 3343 900 3409 haereditatem.
952 3343 990 3407 Si
1008 3344 1084 3426 quis
1098 3344 1259 3408 beniuole

207 3446 324 3506 'mente
346 3442 434 3506 hanc
456 3442 650 3522 largifluam
673 3444 940 3508 munificentiam
955 3462 1083 3526 augere
1099 3443 1259 3522 uoluerit,

209 3543 355 3608 archons
381 3562 605 3625 supernorum
622 3544 748 3607 ciuium
772 3551 808 3608 et
823 3545 1033 3626 gubernator
1047 3545 1260 3608 terrestrium

210 3643 466 3707 retributionem
498 3644 532 3705 in
566 3645 713 3707 aeternis
744 3644 950 3708 habitaculis
984 3644 1146 3726 dignetur
1178 3664 1260 3708 con-

209 3744 338 3807 cedere.
392 3742 477 3806 Ideo
494 3744 693 3826 scripsimus
718 3764 844 3809 nouam
869 3745 1036 3808 cartulam
1062 3743 1144 3827 qnia
1170 3746 1261 3810 anti·

210 3863 314 3925 quum
330 3843 453 3905 librum
473 3863 542 3906 non
557 3843 786 3919 habebamus;
807 3844 867 3908 sed
885 3846 915 3907 si
930 3846 1008 3928 quis
1022 3845 1058 3907 in
1075 3845 1261 3927 propatulo

210 3943 313 4005 aliam
332 3943 499 4006 cartulam
521 3943 735 4025 produxerit,
758 3946 847 4008 sciat
869 3964 906 4007 se
932 3944 1157 4028 proculdubio
1184 3965 1262 4010 cnm

210 4044 417 4125 sempiterno
446 4044 643 4126 syngrapho
672 4045 771 4126 agiae
795 4045 905 4108 crucis
933 4046 977 4109 ab
997 4044 1154 4108 omnibus
1178 4045 1262 4111 fide-

211 4141 300 4204 lihus
316 4144 522 4220 abdicatam,
539 4151 574 4208 et
591 4145 634 4207 ad
651 4143 814 4209 nichilum
830 4145 956 4209 ualeat.
1008 4145 1046 4209 Si
1068 4145 1145 4228 quis
1166 4166 1264 4224 uero,
