<?xml version="1.0" encoding="UTF-8"?>
<!DOCTYPE html PUBLIC "-//W3C//DTD XHTML 1.0 Transitional//EN"
    "http://www.w3.org/TR/xhtml1/DTD/xhtml1-transitional.dtd">
<html xmlns="http://www.w3.org/1999/xhtml" xml:lang="en" lang="en">
 <head>
  <title>
</title>
<meta http-equiv="Content-Type" content="text/html;charset=utf-8" />
  <meta name='ocr-system' content='tesseract 3.04.00' />
  <meta name='ocr-capabilities' content='ocr_page ocr_carea ocr_par ocr_line ocrx_word'/>
</head>
<body>
  <div class='ocr_page' id='page_1' title='image "./codexdiplomatic02kembgoog_0081.png"; bbox 0 0 2888 4890; ppageno 0'>
   <div class='ocr_carea' id='block_1_1' title="bbox 184 353 988 440">
    <p class='ocr_par' dir='ltr' id='par_1_1' title="bbox 184 353 988 440">
     <span class='ocr_line' id='line_1_1' title="bbox 184 353 988 440; baseline -0.005 0"><span class='ocrx_word' id='word_1_1' title='bbox 184 353 233 440; x_wconf 78' lang='lat'>56</span> <span class='ocrx_word' id='word_1_2' title='bbox 448 388 621 439; x_wconf 72' lang='lat' dir='ltr'>canariis</span> <span class='ocrx_word' id='word_1_3' title='bbox 643 387 988 438; x_wconf 74' lang='lat' dir='ltr'>ancuosrxonrcnn.</span> 
     </span>
    </p>
   </div>
   <div class='ocr_carea' id='block_1_2' title="bbox 195 542 1255 1626">
    <p class='ocr_par' dir='ltr' id='par_1_2' title="bbox 195 542 1255 1626">
     <span class='ocr_line' id='line_1_2' title="bbox 245 542 1253 630; baseline -0.006 -18"><span class='ocrx_word' id='word_1_4' title='bbox 245 550 284 630; x_wconf 75' lang='lat'>›1‹</span> <span class='ocrx_word' id='word_1_5' title='bbox 304 549 380 628; x_wconf 81' lang='lat' dir='ltr'>Ego</span> <span class='ocrx_word' id='word_1_6' title='bbox 399 545 577 612; x_wconf 69' lang='lat' dir='ltr'>Keneitri’d</span> <span class='ocrx_word' id='word_1_7' title='bbox 596 547 772 611; x_wconf 83' lang='lat' dir='ltr'>abbatissa</span> <span class='ocrx_word' id='word_1_8' title='bbox 795 566 872 610; x_wconf 93' lang='lat' dir='ltr'>cum</span> <span class='ocrx_word' id='word_1_9' title='bbox 890 544 1076 610; x_wconf 83' lang='lat' dir='ltr'>carissimis</span> <span class='ocrx_word' id='word_1_10' title='bbox 1092 542 1253 626; x_wconf 81' lang='lat' dir='ltr'>cognatis</span> 
     </span>
     <span class='ocr_line' id='line_1_3' title="bbox 195 643 1252 725; baseline -0.005 -14"><span class='ocrx_word' id='word_1_11' title='bbox 195 649 279 711; x_wconf 91' lang='lat' dir='ltr'>meis</span> <span class='ocrx_word' id='word_1_12' title='bbox 298 645 486 711; x_wconf 76' lang='lat' dir='ltr'>AEbelburh</span> <span class='ocrx_word' id='word_1_13' title='bbox 509 654 544 710; x_wconf 92' lang='lat' dir='ltr'>ct</span> <span class='ocrx_word' id='word_1_14' title='bbox 561 645 690 711; x_wconf 87' lang='lat' dir='ltr'>Gelfled</span> <span class='ocrx_word' id='word_1_15' title='bbox 717 645 807 710; x_wconf 95' lang='lat' dir='ltr'>hanc</span> <span class='ocrx_word' id='word_1_16' title='bbox 823 646 1018 709; x_wconf 89' lang='lat' dir='ltr'>libertatem</span> <span class='ocrx_word' id='word_1_17' title='bbox 1039 644 1096 708; x_wconf 92' lang='lat' dir='ltr'>hic</span> <span class='ocrx_word' id='word_1_18' title='bbox 1118 643 1252 725; x_wconf 84' lang='lat' dir='ltr'>ascrip-</span> 
     </span>
     <span class='ocr_line' id='line_1_4' title="bbox 196 744 1255 823; baseline -0.006 -11"><span class='ocrx_word' id='word_1_19' title='bbox 196 755 268 812; x_wconf 88' lang='lat' dir='ltr'>tam</span> <span class='ocrx_word' id='word_1_20' title='bbox 296 747 459 814; x_wconf 87' lang='lat' dir='ltr'>Kinelmo</span> <span class='ocrx_word' id='word_1_21' title='bbox 495 745 711 810; x_wconf 90' lang='lat' dir='ltr'>concedendo</span> <span class='ocrx_word' id='word_1_22' title='bbox 738 746 929 823; x_wconf 89' lang='lat' dir='ltr'>subscribo,</span> <span class='ocrx_word' id='word_1_23' title='bbox 951 745 1017 808; x_wconf 92' lang='lat' dir='ltr'>bac</span> <span class='ocrx_word' id='word_1_24' title='bbox 1043 744 1187 820; x_wconf 90' lang='lat' dir='ltr'>ratione,</span> <span class='ocrx_word' id='word_1_25' title='bbox 1212 749 1255 806; x_wconf 92' lang='lat' dir='ltr'>ut</span> 
     </span>
     <span class='ocr_line' id='line_1_5' title="bbox 197 842 1252 928; baseline -0.007 -17"><span class='ocrx_word' id='word_1_26' title='bbox 197 849 227 911; x_wconf 92' lang='lat' dir='ltr'>si</span> <span class='ocrx_word' id='word_1_27' title='bbox 250 848 354 911; x_wconf 90' lang='lat' dir='ltr'>etiam</span> <span class='ocrx_word' id='word_1_28' title='bbox 381 855 461 928; x_wconf 87' lang='lat' dir='ltr'>post</span> <span class='ocrx_word' id='word_1_29' title='bbox 484 855 619 928; x_wconf 90' lang='lat' dir='ltr'>tempus</span> <span class='ocrx_word' id='word_1_30' title='bbox 642 846 827 927; x_wconf 81' lang='lat' dir='ltr'>contigerit</span> <span class='ocrx_word' id='word_1_31' title='bbox 854 865 923 927; x_wconf 93' lang='lat' dir='ltr'>quo</span> <span class='ocrx_word' id='word_1_32' title='bbox 949 843 1156 908; x_wconf 89' lang='lat' dir='ltr'>uenerabilis</span> <span class='ocrx_word' id='word_1_33' title='bbox 1183 842 1252 906; x_wconf 93' lang='lat' dir='ltr'>loci</span> 
     </span>
     <span class='ocr_line' id='line_1_6' title="bbox 198 943 1253 1028; baseline -0.007 -17"><span class='ocrx_word' id='word_1_34' title='bbox 198 946 452 1011; x_wconf 89' lang='lat' dir='ltr'>Glastoniensis</span> <span class='ocrx_word' id='word_1_35' title='bbox 496 946 748 1028; x_wconf 88' lang='lat' dir='ltr'>possessionem</span> <span class='ocrx_word' id='word_1_36' title='bbox 793 952 828 1008; x_wconf 92' lang='lat' dir='ltr'>et</span> <span class='ocrx_word' id='word_1_37' title='bbox 866 951 1074 1028; x_wconf 88' lang='lat' dir='ltr'>potestatem</span> <span class='ocrx_word' id='word_1_38' title='bbox 1107 943 1253 1006; x_wconf 90' lang='lat' dir='ltr'>alterius</span> 
     </span>
     <span class='ocr_line' id='line_1_7' title="bbox 198 1042 1253 1130; baseline -0.005 -21"><span class='ocrx_word' id='word_1_39' title='bbox 198 1046 375 1130; x_wconf 82' lang='lat' dir='ltr'>progenici</span> <span class='ocrx_word' id='word_1_40' title='bbox 404 1047 507 1110; x_wconf 92' lang='lat' dir='ltr'>homo</span> <span class='ocrx_word' id='word_1_41' title='bbox 535 1045 715 1127; x_wconf 90' lang='lat' dir='ltr'>suscipiat,</span> <span class='ocrx_word' id='word_1_42' title='bbox 744 1052 858 1109; x_wconf 89' lang='lat' dir='ltr'>tamen</span> <span class='ocrx_word' id='word_1_43' title='bbox 883 1044 1067 1109; x_wconf 90' lang='lat' dir='ltr'>Kinelmus</span> <span class='ocrx_word' id='word_1_44' title='bbox 1103 1050 1138 1106; x_wconf 90' lang='lat' dir='ltr'>et</span> <span class='ocrx_word' id='word_1_45' title='bbox 1176 1042 1253 1105; x_wconf 88' lang='lat' dir='ltr'>eius</span> 
     </span>
     <span class='ocr_line' id='line_1_8' title="bbox 199 1140 1254 1227; baseline -0.007 -17"><span class='ocrx_word' id='word_1_46' title='bbox 199 1166 415 1211; x_wconf 85' lang='lat' dir='ltr'>successores</span> <span class='ocrx_word' id='word_1_47' title='bbox 439 1145 611 1209; x_wconf 89' lang='lat' dir='ltr'>stabiliter</span> <span class='ocrx_word' id='word_1_48' title='bbox 627 1145 701 1207; x_wconf 90' lang='lat' dir='ltr'>sine</span> <span class='ocrx_word' id='word_1_49' title='bbox 727 1144 800 1207; x_wconf 92' lang='lat' dir='ltr'>ulla</span> <span class='ocrx_word' id='word_1_50' title='bbox 817 1145 1077 1227; x_wconf 83' lang='lat' dir='ltr'>perturbatione</span> <span class='ocrx_word' id='word_1_51' title='bbox 1099 1148 1134 1205; x_wconf 90' lang='lat' dir='ltr'>et</span> <span class='ocrx_word' id='word_1_52' title='bbox 1162 1140 1254 1204; x_wconf 89' lang='lat' dir='ltr'>fidu·</span> 
     </span>
     <span class='ocr_line' id='line_1_9' title="bbox 200 1245 1253 1328; baseline -0.007 -18"><span class='ocrx_word' id='word_1_53' title='bbox 200 1247 335 1310; x_wconf 88' lang='lat' dir='ltr'>cialiter</span> <span class='ocrx_word' id='word_1_54' title='bbox 356 1253 557 1328; x_wconf 88' lang='lat' dir='ltr'>permaneat</span> <span class='ocrx_word' id='word_1_55' title='bbox 582 1245 618 1307; x_wconf 91' lang='lat' dir='ltr'>in</span> <span class='ocrx_word' id='word_1_56' title='bbox 636 1263 700 1308; x_wconf 88' lang='lat' dir='ltr'>sna</span> <span class='ocrx_word' id='word_1_57' title='bbox 721 1245 881 1308; x_wconf 89' lang='lat' dir='ltr'>libertate</span> <span class='ocrx_word' id='word_1_58' title='bbox 904 1251 938 1307; x_wconf 91' lang='lat' dir='ltr'>et</span> <span class='ocrx_word' id='word_1_59' title='bbox 966 1249 1133 1326; x_wconf 91' lang='lat' dir='ltr'>perpetua</span> <span class='ocrx_word' id='word_1_60' title='bbox 1155 1261 1253 1324; x_wconf 88' lang='lat' dir='ltr'>pace.</span> 
     </span>
     <span class='ocr_line' id='line_1_10' title="bbox 200 1343 1255 1425; baseline -0.007 -14"><span class='ocrx_word' id='word_1_61' title='bbox 200 1346 257 1412; x_wconf 91' lang='lat' dir='ltr'>Ad</span> <span class='ocrx_word' id='word_1_62' title='bbox 294 1345 560 1409; x_wconf 89' lang='lat' dir='ltr'>confirmandam</span> <span class='ocrx_word' id='word_1_63' title='bbox 597 1364 680 1408; x_wconf 92' lang='lat' dir='ltr'>nero</span> <span class='ocrx_word' id='word_1_64' title='bbox 714 1343 803 1408; x_wconf 91' lang='lat' dir='ltr'>hanc</span> <span class='ocrx_word' id='word_1_65' title='bbox 836 1345 1006 1407; x_wconf 90' lang='lat' dir='ltr'>libertatis</span> <span class='ocrx_word' id='word_1_66' title='bbox 1043 1347 1255 1425; x_wconf 90' lang='lat' dir='ltr'>potestatem</span> 
     </span>
     <span class='ocr_line' id='line_1_11' title="bbox 205 1442 1254 1528; baseline -0.006 -19"><span class='ocrx_word' id='word_1_67' title='bbox 205 1450 243 1527; x_wconf 77' lang='lat'>›1‹</span> <span class='ocrx_word' id='word_1_68' title='bbox 264 1465 330 1528; x_wconf 86' lang='lat' dir='ltr'>ego</span> <span class='ocrx_word' id='word_1_69' title='bbox 356 1444 494 1509; x_wconf 84' lang='lat' dir='ltr'>Cenwlf</span> <span class='ocrx_word' id='word_1_70' title='bbox 519 1464 580 1507; x_wconf 86' lang='lat' dir='ltr'>rex</span> <span class='ocrx_word' id='word_1_71' title='bbox 608 1444 746 1525; x_wconf 84' lang='lat' dir='ltr'>signum</span> <span class='ocrx_word' id='word_1_72' title='bbox 768 1452 910 1508; x_wconf 89' lang='lat' dir='ltr'>sanctae</span> <span class='ocrx_word' id='word_1_73' title='bbox 940 1443 1051 1507; x_wconf 90' lang='lat' dir='ltr'>crucis</span> <span class='ocrx_word' id='word_1_74' title='bbox 1082 1442 1254 1523; x_wconf 89' lang='lat' dir='ltr'>impressi.</span> 
     </span>
     <span class='ocr_line' id='line_1_12' title="bbox 200 1541 1255 1626; baseline -0.006 -17"><span class='ocrx_word' id='word_1_75' title='bbox 200 1546 483 1626; x_wconf 90' lang='lat' dir='ltr'>Subscripserunt</span> <span class='ocrx_word' id='word_1_76' title='bbox 508 1543 716 1607; x_wconf 69' lang='lat' dir='ltr'>AEitelardus</span> <span class='ocrx_word' id='word_1_77' title='bbox 748 1543 959 1607; x_wconf 83' lang='lat' dir='ltr'>Cantuariae</span> <span class='ocrx_word' id='word_1_78' title='bbox 996 1549 1032 1607; x_wconf 92' lang='lat' dir='ltr'>et</span> <span class='ocrx_word' id='word_1_79' title='bbox 1058 1541 1255 1623; x_wconf 81' lang='lat' dir='ltr'>Higbertus</span> 
     </span>
    </p>
   </div>
   <div class='ocr_carea' id='block_1_3' title="bbox 91 1642 1257 1726">
    <p class='ocr_par' dir='ltr' id='par_1_3' title="bbox 91 1642 1257 1726">
     <span class='ocr_line' id='line_1_13' title="bbox 91 1642 1257 1726; baseline -0.006 -16"><span class='ocrx_word' id='word_1_80' title='bbox 91 1661 93 1666; x_wconf 83' lang='lat'>·</span> <span class='ocrx_word' id='word_1_81' title='bbox 201 1645 349 1709; x_wconf 88' lang='lat' dir='ltr'>Eboraci</span> <span class='ocrx_word' id='word_1_82' title='bbox 367 1644 614 1726; x_wconf 89' lang='lat' dir='ltr'>archiepiscopi</span> <span class='ocrx_word' id='word_1_83' title='bbox 629 1651 664 1707; x_wconf 89' lang='lat' dir='ltr'>et</span> <span class='ocrx_word' id='word_1_84' title='bbox 680 1661 745 1708; x_wconf 69' lang='lat' dir='ltr'>nx.</span> <span class='ocrx_word' id='word_1_85' title='bbox 763 1644 914 1726; x_wconf 89' lang='lat' dir='ltr'>episcopi</span> <span class='ocrx_word' id='word_1_86' title='bbox 931 1650 966 1707; x_wconf 90' lang='lat' dir='ltr'>et</span> <span class='ocrx_word' id='word_1_87' title='bbox 984 1659 1079 1708; x_wconf 76' lang='lat' dir='ltr'>‚xlia</span> <span class='ocrx_word' id='word_1_88' title='bbox 1098 1642 1257 1717; x_wconf 89' lang='lat' dir='ltr'>abbates,</span> 
     </span>
    </p>
   </div>
   <div class='ocr_carea' id='block_1_4' title="bbox 201 1741 1259 1927">
    <p class='ocr_par' dir='ltr' id='par_1_4' title="bbox 201 1741 1259 1927">
     <span class='ocr_line' id='line_1_14' title="bbox 201 1741 1259 1827; baseline -0.005 -20"><span class='ocrx_word' id='word_1_89' title='bbox 201 1745 292 1808; x_wconf 90' lang='lat' dir='ltr'>inter</span> <span class='ocrx_word' id='word_1_90' title='bbox 315 1763 403 1827; x_wconf 92' lang='lat' dir='ltr'>quos</span> <span class='ocrx_word' id='word_1_91' title='bbox 425 1743 579 1807; x_wconf 86' lang='lat' dir='ltr'>Beadnlf</span> <span class='ocrx_word' id='word_1_92' title='bbox 600 1744 708 1807; x_wconf 91' lang='lat' dir='ltr'>abbas</span> <span class='ocrx_word' id='word_1_93' title='bbox 735 1744 888 1807; x_wconf 90' lang='lat' dir='ltr'>eiusdem</span> <span class='ocrx_word' id='word_1_94' title='bbox 910 1744 990 1821; x_wconf 91' lang='lat' dir='ltr'>loci,</span> <span class='ocrx_word' id='word_1_95' title='bbox 1012 1750 1048 1807; x_wconf 91' lang='lat' dir='ltr'>et</span> <span class='ocrx_word' id='word_1_96' title='bbox 1074 1761 1137 1806; x_wconf 85' lang='lat' dir='ltr'>sex</span> <span class='ocrx_word' id='word_1_97' title='bbox 1163 1741 1259 1824; x_wconf 91' lang='lat' dir='ltr'>prin-</span> 
     </span>
     <span class='ocr_line' id='line_1_15' title="bbox 202 1863 306 1927; baseline 0.019 -20"><span class='ocrx_word' id='word_1_98' title='bbox 202 1863 306 1927; x_wconf 74' lang='lat' dir='ltr'>cipes.</span> 
     </span>
    </p>
   </div>
   <div class='ocr_carea' id='block_1_5' title="bbox 637 2058 833 2123">
    <p class='ocr_par' dir='ltr' id='par_1_5' title="bbox 637 2058 833 2123">
     <span class='ocr_line' id='line_1_16' title="bbox 637 2058 833 2123; baseline -0.01 0"><span class='ocrx_word' id='word_1_99' title='bbox 637 2058 833 2123; x_wconf 92' lang='lat' dir='ltr'>MXVIII.</span> 
     </span>
    </p>
   </div>
   <div class='ocr_carea' id='block_1_6' title="bbox 315 2194 1154 2273">
    <p class='ocr_par' dir='ltr' id='par_1_6' title="bbox 315 2194 1154 2273">
     <span class='ocr_line' id='line_1_17' title="bbox 315 2194 1154 2273; baseline -0.007 -11"><span class='ocrx_word' id='word_1_100' title='bbox 315 2198 337 2242; x_wconf 86' lang='lat'><em>*</em></span> <span class='ocrx_word' id='word_1_101' title='bbox 360 2195 690 2263; x_wconf 87' lang='lat' dir='ltr'>ARCHBlSHOP</span> <span class='ocrx_word' id='word_1_102' title='bbox 714 2195 1051 2273; x_wconf 81' lang='lat' dir='ltr'>AEDELHEARD,</span> <span class='ocrx_word' id='word_1_103' title='bbox 1076 2194 1154 2259; x_wconf 81' lang='lat'><strong>798.</strong></span> 
     </span>
    </p>
   </div>
   <div class='ocr_carea' id='block_1_7' title="bbox 204 2330 1263 3412">
    <p class='ocr_par' dir='ltr' id='par_1_7' title="bbox 204 2330 1263 3412">
     <span class='ocr_line' id='line_1_18' title="bbox 260 2330 1260 2415; baseline -0.003 -18"><span class='ocrx_word' id='word_1_104' title='bbox 260 2335 299 2415; x_wconf 75' lang='lat'>›1‹</span> <span class='ocrx_word' id='word_1_105' title='bbox 319 2330 428 2397; x_wconf 81' lang='lat' dir='ltr'>Anno</span> <span class='ocrx_word' id='word_1_106' title='bbox 453 2331 644 2395; x_wconf 88' lang='lat' dir='ltr'>dominicae</span> <span class='ocrx_word' id='word_1_107' title='bbox 668 2331 914 2395; x_wconf 88' lang='lat' dir='ltr'>incarnationis</span> <span class='ocrx_word' id='word_1_108' title='bbox 934 2347 1260 2396; x_wconf 79' lang='lat' dir='ltr'>‚nco.xoV111.c0n·</span> 
     </span>
     <span class='ocr_line' id='line_1_19' title="bbox 204 2429 1260 2514; baseline 0.001 -20"><span class='ocrx_word' id='word_1_109' title='bbox 204 2441 384 2514; x_wconf 83' lang='lat' dir='ltr'>gregatum</span> <span class='ocrx_word' id='word_1_110' title='bbox 409 2439 462 2496; x_wconf 89' lang='lat' dir='ltr'>est</span> <span class='ocrx_word' id='word_1_111' title='bbox 482 2451 648 2512; x_wconf 84' lang='lat' dir='ltr'>magnum</span> <span class='ocrx_word' id='word_1_112' title='bbox 670 2431 852 2495; x_wconf 92' lang='lat' dir='ltr'>concilium</span> <span class='ocrx_word' id='word_1_113' title='bbox 878 2431 914 2494; x_wconf 88' lang='lat' dir='ltr'>in</span> <span class='ocrx_word' id='word_1_114' title='bbox 946 2431 1022 2494; x_wconf 89' lang='lat' dir='ltr'>loco</span> <span class='ocrx_word' id='word_1_115' title='bbox 1047 2431 1105 2493; x_wconf 90' lang='lat' dir='ltr'>nbi</span> <span class='ocrx_word' id='word_1_116' title='bbox 1132 2429 1260 2495; x_wconf 90' lang='lat' dir='ltr'>dicitur</span> 
     </span>
     <span class='ocr_line' id='line_1_20' title="bbox 207 2529 1260 2614; baseline -0.002 -17"><span class='ocrx_word' id='word_1_117' title='bbox 207 2531 476 2609; x_wconf 90' lang='lat' dir='ltr'>Bachanchilde,</span> <span class='ocrx_word' id='word_1_118' title='bbox 504 2531 721 2614; x_wconf 87' lang='lat' dir='ltr'>praesidente</span> <span class='ocrx_word' id='word_1_119' title='bbox 751 2531 859 2594; x_wconf 91' lang='lat' dir='ltr'>eidem</span> <span class='ocrx_word' id='word_1_120' title='bbox 892 2530 1037 2594; x_wconf 91' lang='lat' dir='ltr'>concilio</span> <span class='ocrx_word' id='word_1_121' title='bbox 1068 2529 1260 2595; x_wconf 83' lang='lat' dir='ltr'>Ceneunlso</span> 
     </span>
     <span class='ocr_line' id='line_1_21' title="bbox 205 2629 1258 2714; baseline 0 -19"><span class='ocrx_word' id='word_1_122' title='bbox 205 2652 287 2714; x_wconf 81' lang='lat' dir='ltr'>rege</span> <span class='ocrx_word' id='word_1_123' title='bbox 313 2652 444 2695; x_wconf 89' lang='lat' dir='ltr'>necnon</span> <span class='ocrx_word' id='word_1_124' title='bbox 473 2631 751 2695; x_wconf 85' lang='lat' dir='ltr'>reuerentissimo</span> <span class='ocrx_word' id='word_1_125' title='bbox 780 2630 1038 2713; x_wconf 87' lang='lat' dir='ltr'>archiepiscopo</span> <span class='ocrx_word' id='word_1_126' title='bbox 1060 2629 1258 2708; x_wconf 76' lang='lat' dir='ltr'>AEbelardo‚</span> 
     </span>
     <span class='ocr_line' id='line_1_22' title="bbox 206 2730 1260 2814; baseline -0.001 -19"><span class='ocrx_word' id='word_1_127' title='bbox 206 2752 284 2796; x_wconf 90' lang='lat' dir='ltr'>cum</span> <span class='ocrx_word' id='word_1_128' title='bbox 308 2733 490 2814; x_wconf 91' lang='lat' dir='ltr'>episcopis,</span> <span class='ocrx_word' id='word_1_129' title='bbox 509 2731 704 2806; x_wconf 89' lang='lat' dir='ltr'>abbatibus,</span> <span class='ocrx_word' id='word_1_130' title='bbox 720 2738 755 2794; x_wconf 93' lang='lat' dir='ltr'>et</span> <span class='ocrx_word' id='word_1_131' title='bbox 782 2730 898 2793; x_wconf 86' lang='lat' dir='ltr'>multis</span> <span class='ocrx_word' id='word_1_132' title='bbox 927 2730 1003 2793; x_wconf 89' lang='lat' dir='ltr'>aliis</span> <span class='ocrx_word' id='word_1_133' title='bbox 1026 2731 1159 2795; x_wconf 90' lang='lat' dir='ltr'>idoneis</span> <span class='ocrx_word' id='word_1_134' title='bbox 1178 2751 1260 2813; x_wconf 91' lang='lat' dir='ltr'>per·</span> 
     </span>
     <span class='ocr_line' id='line_1_23' title="bbox 206 2830 1260 2913; baseline 0 -18"><span class='ocrx_word' id='word_1_135' title='bbox 206 2832 311 2896; x_wconf 82' lang='lat' dir='ltr'>sonis</span> <span class='ocrx_word' id='word_1_136' title='bbox 362 2831 463 2893; x_wconf 86' lang='lat' dir='ltr'>Tunc</span> <span class='ocrx_word' id='word_1_137' title='bbox 490 2831 580 2893; x_wconf 90' lang='lat' dir='ltr'>idern</span> <span class='ocrx_word' id='word_1_138' title='bbox 609 2830 816 2893; x_wconf 88' lang='lat' dir='ltr'>uenerabilis</span> <span class='ocrx_word' id='word_1_139' title='bbox 837 2839 937 2912; x_wconf 88' lang='lat' dir='ltr'>pater</span> <span class='ocrx_word' id='word_1_140' title='bbox 954 2836 989 2893; x_wconf 89' lang='lat' dir='ltr'>et</span> <span class='ocrx_word' id='word_1_141' title='bbox 1005 2832 1134 2913; x_wconf 88' lang='lat' dir='ltr'>primas</span> <span class='ocrx_word' id='word_1_142' title='bbox 1150 2831 1260 2895; x_wconf 92' lang='lat' dir='ltr'>totius</span> 
     </span>
     <span class='ocr_line' id='line_1_24' title="bbox 208 2929 1261 3012; baseline -0.002 -16"><span class='ocrx_word' id='word_1_143' title='bbox 208 2930 409 2996; x_wconf 89' lang='lat' dir='ltr'>Britanniae</span> <span class='ocrx_word' id='word_1_144' title='bbox 440 2929 650 2994; x_wconf 75' lang='lat' dir='ltr'>AE’delardus</span> <span class='ocrx_word' id='word_1_145' title='bbox 677 2931 728 2992; x_wconf 89' lang='lat' dir='ltr'>sic</span> <span class='ocrx_word' id='word_1_146' title='bbox 754 2949 899 2994; x_wconf 84' lang='lat' dir='ltr'>exorsus</span> <span class='ocrx_word' id='word_1_147' title='bbox 933 2938 1005 2994; x_wconf 87' lang='lat' dir='ltr'>est:</span> <span class='ocrx_word' id='word_1_148' title='bbox 1042 2930 1118 3012; x_wconf 87' lang='lat' dir='ltr'>Ego</span> <span class='ocrx_word' id='word_1_149' title='bbox 1147 2931 1261 2997; x_wconf 77' lang='lat' dir='ltr'>AEael-</span> 
     </span>
     <span class='ocr_line' id='line_1_25' title="bbox 207 3028 1261 3110; baseline 0 -15"><span class='ocrx_word' id='word_1_150' title='bbox 207 3030 312 3095; x_wconf 89' lang='lat' dir='ltr'>ardus</span> <span class='ocrx_word' id='word_1_151' title='bbox 327 3029 441 3110; x_wconf 83' lang='lat' dir='ltr'>gratia</span> <span class='ocrx_word' id='word_1_152' title='bbox 456 3029 511 3093; x_wconf 89' lang='lat' dir='ltr'>dei</span> <span class='ocrx_word' id='word_1_153' title='bbox 527 3028 666 3093; x_wconf 92' lang='lat' dir='ltr'>humilis</span> <span class='ocrx_word' id='word_1_154' title='bbox 682 3036 824 3093; x_wconf 89' lang='lat' dir='ltr'>sanctae</span> <span class='ocrx_word' id='word_1_155' title='bbox 838 3029 1112 3094; x_wconf 88' lang='lat' dir='ltr'>Dorobernensis</span> <span class='ocrx_word' id='word_1_156' title='bbox 1128 3032 1261 3095; x_wconf 87' lang='lat' dir='ltr'>aeccle·</span> 
     </span>
     <span class='ocr_line' id='line_1_26' title="bbox 208 3129 1263 3212; baseline 0.002 -18"><span class='ocrx_word' id='word_1_157' title='bbox 208 3132 280 3195; x_wconf 88' lang='lat' dir='ltr'>siae</span> <span class='ocrx_word' id='word_1_158' title='bbox 311 3129 587 3212; x_wconf 89' lang='lat' dir='ltr'>archiepiscopus</span> <span class='ocrx_word' id='word_1_159' title='bbox 620 3130 781 3193; x_wconf 90' lang='lat' dir='ltr'>unanimo</span> <span class='ocrx_word' id='word_1_160' title='bbox 810 3130 955 3194; x_wconf 89' lang='lat' dir='ltr'>concilio</span> <span class='ocrx_word' id='word_1_161' title='bbox 981 3131 1088 3194; x_wconf 89' lang='lat' dir='ltr'>totius</span> <span class='ocrx_word' id='word_1_162' title='bbox 1119 3139 1263 3196; x_wconf 89' lang='lat' dir='ltr'>sanctae</span> 
     </span>
     <span class='ocr_line' id='line_1_27' title="bbox 209 3229 1261 3313; baseline 0.001 -19"><span class='ocrx_word' id='word_1_163' title='bbox 209 3230 331 3313; x_wconf 92' lang='lat' dir='ltr'>synodi</span> <span class='ocrx_word' id='word_1_164' title='bbox 357 3229 394 3292; x_wconf 91' lang='lat' dir='ltr'>in</span> <span class='ocrx_word' id='word_1_165' title='bbox 418 3231 555 3293; x_wconf 91' lang='lat' dir='ltr'>nomine</span> <span class='ocrx_word' id='word_1_166' title='bbox 580 3229 634 3292; x_wconf 93' lang='lat' dir='ltr'>dei</span> <span class='ocrx_word' id='word_1_167' title='bbox 660 3229 905 3311; x_wconf 89' lang='lat' dir='ltr'>omnipotentis</span> <span class='ocrx_word' id='word_1_168' title='bbox 933 3237 967 3293; x_wconf 91' lang='lat' dir='ltr'>et</span> <span class='ocrx_word' id='word_1_169' title='bbox 999 3250 1061 3313; x_wconf 88' lang='lat' dir='ltr'>per</span> <span class='ocrx_word' id='word_1_170' title='bbox 1083 3231 1157 3294; x_wconf 90' lang='lat' dir='ltr'>eius</span> <span class='ocrx_word' id='word_1_171' title='bbox 1189 3239 1261 3296; x_wconf 89' lang='lat' dir='ltr'>tre-</span> 
     </span>
     <span class='ocr_line' id='line_1_28' title="bbox 209 3330 1263 3412; baseline 0.003 -19"><span class='ocrx_word' id='word_1_172' title='bbox 209 3330 369 3393; x_wconf 90' lang='lat' dir='ltr'>mendum</span> <span class='ocrx_word' id='word_1_173' title='bbox 399 3330 560 3393; x_wconf 90' lang='lat' dir='ltr'>indicium</span> <span class='ocrx_word' id='word_1_174' title='bbox 586 3330 773 3412; x_wconf 89' lang='lat' dir='ltr'>praecipio,</span> <span class='ocrx_word' id='word_1_175' title='bbox 804 3331 893 3393; x_wconf 92' lang='lat' dir='ltr'>sicut</span> <span class='ocrx_word' id='word_1_176' title='bbox 921 3350 986 3411; x_wconf 83' lang='lat' dir='ltr'>ego</span> <span class='ocrx_word' id='word_1_177' title='bbox 1015 3331 1215 3394; x_wconf 90' lang='lat' dir='ltr'>mandatum</span> <span class='ocrx_word' id='word_1_178' title='bbox 1240 3352 1263 3397; x_wconf 94' lang='lat' dir='ltr'>a</span> 
     </span>
    </p>
   </div>
   <div class='ocr_carea' id='block_1_8' title="bbox 209 3429 1267 4112">
    <p class='ocr_par' dir='ltr' id='par_1_8' title="bbox 209 3429 1267 4112">
     <span class='ocr_line' id='line_1_29' title="bbox 209 3429 1262 3512; baseline 0.003 -19"><span class='ocrx_word' id='word_1_179' title='bbox 209 3429 345 3493; x_wconf 90' lang='lat' dir='ltr'>domino</span> <span class='ocrx_word' id='word_1_180' title='bbox 375 3429 565 3511; x_wconf 89' lang='lat' dir='ltr'>apostolico</span> <span class='ocrx_word' id='word_1_181' title='bbox 590 3429 705 3493; x_wconf 87' lang='lat' dir='ltr'>Leone</span> <span class='ocrx_word' id='word_1_182' title='bbox 728 3448 820 3512; x_wconf 92' lang='lat' dir='ltr'>papa</span> <span class='ocrx_word' id='word_1_183' title='bbox 844 3431 993 3512; x_wconf 87' lang='lat' dir='ltr'>percepi,</span> <span class='ocrx_word' id='word_1_184' title='bbox 1020 3438 1059 3494; x_wconf 90' lang='lat' dir='ltr'>nt</span> <span class='ocrx_word' id='word_1_185' title='bbox 1087 3430 1164 3512; x_wconf 88' lang='lat' dir='ltr'>[ex]</span> <span class='ocrx_word' id='word_1_186' title='bbox 1194 3431 1262 3496; x_wconf 92' lang='lat' dir='ltr'>hoc</span> 
     </span>
     <span class='ocr_line' id='line_1_30' title="bbox 209 3526 1264 3612; baseline 0.001 -19"><span class='ocrx_word' id='word_1_187' title='bbox 209 3526 364 3611; x_wconf 90' lang='lat' dir='ltr'>tempore</span> <span class='ocrx_word' id='word_1_188' title='bbox 409 3548 584 3611; x_wconf 91' lang='lat' dir='ltr'>nunquam</span> <span class='ocrx_word' id='word_1_189' title='bbox 626 3530 808 3594; x_wconf 90' lang='lat' dir='ltr'>temerario</span> <span class='ocrx_word' id='word_1_190' title='bbox 844 3549 931 3593; x_wconf 89' lang='lat' dir='ltr'>ausu</span> <span class='ocrx_word' id='word_1_191' title='bbox 969 3550 1073 3612; x_wconf 88' lang='lat' dir='ltr'>super</span> <span class='ocrx_word' id='word_1_192' title='bbox 1108 3529 1264 3595; x_wconf 88' lang='lat' dir='ltr'>baeredi-</span> 
     </span>
     <span class='ocr_line' id='line_1_31' title="bbox 210 3625 1264 3711; baseline 0.001 -17"><span class='ocrx_word' id='word_1_193' title='bbox 210 3637 319 3694; x_wconf 91' lang='lat' dir='ltr'>tatcm</span> <span class='ocrx_word' id='word_1_194' title='bbox 346 3629 488 3706; x_wconf 91' lang='lat' dir='ltr'>domini,</span> <span class='ocrx_word' id='word_1_195' title='bbox 521 3629 556 3692; x_wconf 93' lang='lat' dir='ltr'>id</span> <span class='ocrx_word' id='word_1_196' title='bbox 592 3637 656 3707; x_wconf 90' lang='lat' dir='ltr'>est,</span> <span class='ocrx_word' id='word_1_197' title='bbox 689 3630 885 3707; x_wconf 85' lang='lat' dir='ltr'>aecclesias,</span> <span class='ocrx_word' id='word_1_198' title='bbox 916 3625 1015 3694; x_wconf 89' lang='lat' dir='ltr'>laicil</span> <span class='ocrx_word' id='word_1_199' title='bbox 1039 3639 1264 3711; x_wconf 89' lang='lat' dir='ltr'>praesumant</span> 
     </span>
     <span class='ocr_line' id='line_1_32' title="bbox 211 3728 1264 3812; baseline 0.001 -19"><span class='ocrx_word' id='word_1_200' title='bbox 211 3729 399 3795; x_wconf 90' lang='lat' dir='ltr'>dominium</span> <span class='ocrx_word' id='word_1_201' title='bbox 437 3728 622 3811; x_wconf 88' lang='lat' dir='ltr'>suscipere.</span> <span class='ocrx_word' id='word_1_202' title='bbox 685 3729 753 3793; x_wconf 87' lang='lat' dir='ltr'>Sed</span> <span class='ocrx_word' id='word_1_203' title='bbox 790 3731 881 3794; x_wconf 88' lang='lat' dir='ltr'>sicut</span> <span class='ocrx_word' id='word_1_204' title='bbox 919 3731 955 3793; x_wconf 91' lang='lat' dir='ltr'>in</span> <span class='ocrx_word' id='word_1_205' title='bbox 994 3731 1185 3812; x_wconf 84' lang='lat' dir='ltr'>priuilegiis</span> <span class='ocrx_word' id='word_1_206' title='bbox 1218 3732 1264 3794; x_wconf 92' lang='lat' dir='ltr'>ab</span> 
     </span>
     <span class='ocr_line' id='line_1_33' title="bbox 212 3827 1267 3913; baseline 0.001 -20"><span class='ocrx_word' id='word_1_207' title='bbox 212 3830 405 3913; x_wconf 88' lang='lat' dir='ltr'>apostolica</span> <span class='ocrx_word' id='word_1_208' title='bbox 423 3828 503 3892; x_wconf 90' lang='lat' dir='ltr'>sede</span> <span class='ocrx_word' id='word_1_209' title='bbox 522 3828 612 3892; x_wconf 89' lang='lat' dir='ltr'>datis</span> <span class='ocrx_word' id='word_1_210' title='bbox 630 3827 788 3905; x_wconf 88' lang='lat' dir='ltr'>habetur,</span> <span class='ocrx_word' id='word_1_211' title='bbox 804 3849 865 3893; x_wconf 88' lang='lat' dir='ltr'>sen</span> <span class='ocrx_word' id='word_1_212' title='bbox 880 3831 982 3893; x_wconf 90' lang='lat' dir='ltr'>etiam</span> <span class='ocrx_word' id='word_1_213' title='bbox 1001 3833 1044 3894; x_wconf 93' lang='lat' dir='ltr'>ab</span> <span class='ocrx_word' id='word_1_214' title='bbox 1063 3831 1267 3912; x_wconf 90' lang='lat' dir='ltr'>apostolicis</span> 
     </span>
     <span class='ocr_line' id='line_1_34' title="bbox 212 3928 1266 4013; baseline 0.003 -21"><span class='ocrx_word' id='word_1_215' title='bbox 212 3930 295 3993; x_wconf 88' lang='lat' dir='ltr'>uiris</span> <span class='ocrx_word' id='word_1_216' title='bbox 324 3929 359 3992; x_wconf 93' lang='lat' dir='ltr'>in</span> <span class='ocrx_word' id='word_1_217' title='bbox 388 3929 486 3993; x_wconf 92' lang='lat' dir='ltr'>initio</span> <span class='ocrx_word' id='word_1_218' title='bbox 511 3929 684 3992; x_wconf 88' lang='lat' dir='ltr'>nascentis</span> <span class='ocrx_word' id='word_1_219' title='bbox 711 3928 898 3993; x_wconf 90' lang='lat' dir='ltr'>aecclesiae</span> <span class='ocrx_word' id='word_1_220' title='bbox 927 3931 1093 3995; x_wconf 89' lang='lat' dir='ltr'>traditum</span> <span class='ocrx_word' id='word_1_221' title='bbox 1120 3939 1174 3995; x_wconf 90' lang='lat' dir='ltr'>est</span> <span class='ocrx_word' id='word_1_222' title='bbox 1201 3951 1266 4013; x_wconf 88' lang='lat' dir='ltr'>per</span> 
     </span>
     <span class='ocr_line' id='line_1_35' title="bbox 212 4028 1267 4112; baseline 0.003 -19"><span class='ocrx_word' id='word_1_223' title='bbox 212 4038 353 4093; x_wconf 90' lang='lat' dir='ltr'>sanctos</span> <span class='ocrx_word' id='word_1_224' title='bbox 381 4028 542 4105; x_wconf 88' lang='lat' dir='ltr'>canones,</span> <span class='ocrx_word' id='word_1_225' title='bbox 571 4029 628 4092; x_wconf 89' lang='lat' dir='ltr'>uel</span> <span class='ocrx_word' id='word_1_226' title='bbox 656 4029 759 4093; x_wconf 88' lang='lat' dir='ltr'>ctiam</span> <span class='ocrx_word' id='word_1_227' title='bbox 786 4048 816 4092; x_wconf 30' lang='lat' dir='ltr'>a*</span> <span class='ocrx_word' id='word_1_228' title='bbox 830 4030 977 4111; x_wconf 87' lang='lat' dir='ltr'>propriis</span> <span class='ocrx_word' id='word_1_229' title='bbox 1007 4032 1267 4112; x_wconf 88' lang='lat' dir='ltr'>possessoribus</span> 
     </span>
    </p>
   </div>
   <div class='ocr_carea' id='block_1_9' title="bbox 541 4162 947 4226">
    <p class='ocr_par' dir='ltr' id='par_1_9' title="bbox 541 4162 947 4226">
     <span class='ocr_line' id='line_1_36' title="bbox 541 4162 947 4226; baseline 0.002 -13"><span class='ocrx_word' id='word_1_230' title='bbox 541 4162 547 4192; x_wconf 94' lang='lat'><strong>¹</strong></span> <span class='ocrx_word' id='word_1_231' title='bbox 565 4165 624 4213; x_wconf 89' lang='lat' dir='ltr'>laici</span> <span class='ocrx_word' id='word_1_232' title='bbox 636 4164 787 4226; x_wconf 88' lang='lat' dir='ltr'>saeculares,</span> <span class='ocrx_word' id='word_1_233' title='bbox 799 4165 863 4226; x_wconf 79' lang='lat' dir='ltr'>Reg.</span> <span class='ocrx_word' id='word_1_234' title='bbox 875 4165 947 4215; x_wconf 79' lang='lat' dir='ltr'>Cant.</span> 
     </span>
    </p>
   </div>
   <div class='ocr_carea' id='block_1_10' title="bbox 0 0 1470 4890">
    <p class='ocr_par' dir='ltr' id='par_1_10' title="bbox 0 0 1470 4890">
     <span class='ocr_line' id='line_1_37' title="bbox 0 0 1470 4890; baseline 0 0"><span class='ocrx_word' id='word_1_235' title='bbox 0 0 1470 4890; x_wconf 95' lang='lat' dir='ltr'> </span> 
     </span>
    </p>
   </div>
  </div>
 </body>
</html>
