2888 4890
456 394 631 445 assarna
654 394 998 447 sucrosnxourcnn.
1191 378 1255 444 161

197 540 290 627 (lare,
301 567 345 614 ne
356 548 473 615 futura
485 553 668 635 posteritas
679 551 820 634 ignauia
831 559 1030 634 torpescens
1045 549 1250 615 obliuiscens

197 666 345 732 eaquae
359 670 449 715 nunc
466 652 619 716 moderni
637 652 821 716 memoriae
837 651 976 715 student
993 650 1249 729 commendare;

197 751 358 815 conuenit
384 771 532 834 namque
551 751 661 829 nobis,
677 750 837 815 uidelicet
855 770 911 813 me
934 771 1012 814 cum
1037 751 1121 814 meis
1143 750 1251 832 fideli-

197 847 272 924 bus,
291 855 332 913 ut
347 857 579 914 mutuaremus
599 850 751 933 aliquam
767 857 879 914 terrae
895 857 1028 932 partem
1047 869 1126 914 cum
1145 869 1249 913 uene·

197 947 298 1010 rabili
316 949 520 1015 Denewulfo
532 950 732 1015 Wintoniae
754 950 903 1014 ciuitatis
923 950 1095 1032 episcopo,
1114 969 1247 1014 necnon

195 1052 233 1109 et
249 1046 312 1112 illa
332 1049 520 1114 uenerabili
535 1049 667 1113 familia
686 1050 751 1113 sub
768 1051 841 1113 eius
866 1050 1016 1113 dominio
1034 1049 1249 1130 degentibus,

195 1144 276 1209 dedi
299 1153 335 1212 et
355 1149 482 1213 tradidi
502 1150 534 1214 ei
557 1149 709 1233 aliquam
730 1156 864 1232 partem
885 1155 996 1212 terrae
1017 1148 1100 1211 iuris
1122 1148 1189 1212 mei
1210 1149 1245 1212 in

196 1242 274 1309 loco
295 1247 355 1330 qui
371 1255 517 1312 uocatur
536 1248 673 1331 publico
693 1248 831 1315 nomine
847 1247 1039 1324 waltham,
1055 1254 1095 1310 ut
1110 1246 1248 1326 habeat,

195 1350 313 1410 teneat
344 1353 448 1430 atque
473 1348 647 1431 possideat
671 1368 749 1412 cum
775 1347 917 1430 campis,
940 1346 1048 1423 siluis,
1077 1347 1185 1428 pratis
1212 1355 1247 1412 et

194 1445 397 1525 pressiset
417 1448 575 1512 omnibus
592 1446 637 1511 ad
657 1466 695 1511 se
717 1446 984 1530 pertinentibus;
1008 1453 1043 1509 et
1067 1445 1193 1510 idcirco
1209 1455 1247 1511 ut

172 1590 176 1599 .
195 1550 315 1608 nostra
334 1545 427 1612 facta
438 1546 569 1611 firmius
586 1553 820 1629 permaneant,
838 1547 941 1610 etiam
955 1546 1125 1628 sapientes
1148 1547 1245 1627 regni

195 1642 264 1706 mei
288 1650 394 1710 testes
419 1646 559 1711 adhibui
580 1646 887 1730 quorum-nomina
904 1645 993 1709 infra
1017 1645 1244 1710 continentur.

196 1741 287 1807 Sunt
299 1752 414 1810 autem
426 1753 604 1810 manentes
615 1745 707 1810 illius
719 1752 831 1809 terrae
844 1746 911 1809 duo
922 1746 1034 1809 minus
1045 1765 1148 1827 quam
1161 1764 1246 1827 qua·

194 1840 367 1924 draginta.
404 1845 584 1910 Gonoessit
611 1852 647 1910 et
668 1846 810 1909 tradidit
831 1844 934 1908 michi
957 1843 1016 1907 ille
1041 1845 1247 1909 uenerabilis

194 1942 378 2026 episcopus
399 1965 445 2009 ex
464 1964 528 2009 suo
548 1945 689 2028 proprio
710 1946 784 2009 iure
803 1945 954 2026 aliquam
977 1951 1110 2027 partem
1134 1951 1246 2010 terrae

194 2041 232 2104 in
254 2041 332 2106 loco
350 2043 442 2127 quod
460 2045 667 2110 Poroeastra
689 2051 843 2121 uocatur,
861 2051 902 2108 ut
931 2044 1087 2120 habeam,
1109 2050 1245 2108 teneam

194 2146 301 2223 atque
322 2144 527 2224 possideam,
549 2152 585 2209 et
607 2145 808 2228 cuicumque
831 2143 970 2207 haeredi
989 2150 1067 2224 post
1087 2163 1141 2206 me
1164 2144 1245 2210 uolo

194 2239 377 2321 dimittam,
394 2264 473 2308 cum
493 2244 635 2327 campis,
649 2243 758 2321 siluis,
774 2244 893 2326 pratis,
909 2250 944 2306 et
960 2242 1109 2324 pascuis,
1125 2250 1159 2306 et
1175 2263 1245 2306 om-

194 2340 295 2405 nibus
316 2341 360 2406 ad
380 2363 418 2408 se
435 2343 703 2427 pertinentibus3
727 2350 808 2408 sunt
823 2350 938 2407 autem
957 2343 1049 2405 illius
1070 2349 1246 2406 manentes

194 2456 267 2505 ,κη
288 2444 426 2509 cassati.
473 2442 519 2508 Et
539 2451 579 2508 ut
599 2451 717 2508 nostra
736 2442 903 2507 mutuatio
928 2443 964 2506 in
986 2449 1130 2523 utraque
1147 2451 1245 2524 parte

194 2538 295 2604 firma
322 2549 357 2607 et
381 2543 514 2607 stabilis
540 2550 749 2627 permaneat,
771 2543 852 2607 uolo
878 2548 917 2605 ut
941 2541 1001 2606 illa
1026 2548 1118 2605 terra
1141 2562 1245 2624 qnam

192 2641 381 2705 uenerabili
397 2644 557 2725 episcopo
573 2662 705 2708 necnon
718 2650 753 2706 et
766 2643 817 2707 illi
838 2641 988 2706 familiae
1004 2640 1141 2717 tradidi,
1159 2660 1245 2704 sem·

192 2758 256 2822 per
288 2741 426 2806 obediat
458 2750 562 2826 atque
596 2743 768 2806 deseruiat
804 2742 847 2807 ad
881 2741 976 2805 illam
1013 2739 1242 2823 pontificalem

191 2840 308 2904 sedem
333 2840 530 2906 Wintoniae
556 2843 726 2918 ciuitatis3
762 2842 851 2907 banc
880 2849 994 2906 autem
1024 2840 1243 2904 donationem

193 2945 230 3003 et
253 2943 555 3007 commutationem
578 2943 613 3007 in
635 2950 814 3025 utramque
840 2947 972 3027 partem
994 2946 1033 3003 ut
1054 2940 1186 3003 stabilis
1210 2948 1245 3005 et

193 3037 266 3102 fixa
288 3050 488 3123 permaneat
513 3045 643 3126 absque
665 3043 738 3107 ulla
761 3040 1030 3106 contradictione
1056 3047 1090 3103 et
1116 3044 1244 3104 retrac-

192 3138 299 3217 tione,
316 3140 417 3223 signo
438 3150 474 3207 ot
494 3143 658 3206 confirmo
680 3148 854 3206 caractere
874 3147 1014 3204 sanctae
1035 3140 1155 3202 crucis.
1206 3140 1244 3204 si

193 3238 272 3322 quis
299 3248 416 3305 autem
440 3241 530 3306 hanc
551 3249 703 3306 nostram
728 3241 948 3305 donationem
973 3238 1145 3320 adaugere
1168 3239 1245 3303 uol-

192 3339 294 3416 uerit,
327 3340 500 3424 adaugeat
532 3343 564 3406 ei
594 3342 679 3406 deus
713 3341 828 3406 omnia
860 3341 952 3404 bona
983 3338 1175 3420 praesentis
1209 3348 1245 3404 et

192 3436 329 3504 futurae
343 3442 455 3517 uitae;
480 3442 599 3524 siquis
614 3461 709 3518 uero,
724 3442 815 3524 quod
829 3439 931 3516 absit,
941 3439 1123 3520 tyrannica
1137 3437 1244 3502 fretus

191 3539 366 3622 superbia,
396 3549 551 3605 nostram
584 3541 802 3606 donationem
832 3539 906 3603 siue
942 3538 1243 3602 commutationem

191 3638 378 3721 infringere
390 3641 447 3705 uel
463 3640 632 3705 contraire
650 3640 807 3715 uoluerit,
825 3639 870 3703 sit
884 3637 1067 3702 anathema
1084 3657 1106 3701 a
1123 3645 1244 3702 sancta

191 3734 369 3818 aecclesia,
385 3739 416 3803 si
433 3759 501 3804 non
520 3741 612 3822 prius
630 3738 862 3804 emendauerit
879 3738 985 3820 digna
1001 3737 1244 3802 satisfactione.

192 3836 292 3903 Haeo
306 3846 422 3904 autem
445 3840 577 3904 cartula
597 3839 726 3921 scripta
741 3847 792 3903 est
812 3857 901 3902 anno
918 3836 1164 3900 incarnationis
1181 3838 1243 3902 do·

190 3938 335 4003 minicae
358 3955 563 4004 ‚uocccunn
586 3939 771 4003 indictione
796 3938 954 4021 septima,
971 3937 1007 4000 in
1030 3936 1115 4001 uilla
1136 3957 1242 4002 uena-

191 4039 281 4103 toria
301 4059 392 4122 quae
411 4038 583 4103 Saronico
607 4040 733 4103 dicitur
756 4037 954 4119 Bicanleag‚
975 4056 1090 4101 eoram
1112 4037 1244 4102 idoneis

190 4139 335 4202 testibus
352 4158 498 4222 quorum
514 4141 653 4204 nomina
670 4142 918 4221 subsequenter
933 4138 1061 4219 scripta
1078 4146 1169 4207 sunt.

239 4253 324 4304 uon.
340 4255 375 4304 v.
1066 4255 1092 4299 Μ
