2888 4866
189 351 262 416 196.
445 369 617 417 cunnrrn
641 366 991 416 succosuxourcnn.

192 525 389 600 ouantibus
406 526 598 608 perscripta
615 532 679 601 est,
697 523 795 588 cuius
813 512 917 588 etiam
935 523 1163 588 inconcussae
1180 512 1254 584 fiir-v

192 618 324 688 mitatis
346 625 535 689 auctoritas
558 625 612 688 his
637 625 782 689 testibus
805 625 969 689 roborata
994 613 1132 689 constat
1155 618 1241 706 quo·

192 744 267 787 rum
283 727 422 788 nomina
437 727 559 789 subtus
576 724 811 788 karacteribus
828 723 967 807 depicta
982 731 1206 787 annotantur.

207 876 208 880 ,
248 827 287 906 ›1‹
311 825 386 906 Ego
408 825 632 890 AEnelstauus
653 825 838 906 singularis
855 823 1027 907 priuilegii
1044 815 1252 888 monarchia.

193 924 370 1005 praeditus
395 946 469 1001 rex,
503 925 605 988 huius
631 925 773 988 indiculi
798 923 1006 989 soliditatem
1032 943 1111 987 curn
1142 923 1243 1004 signo

194 1033 335 1088 sanctae
368 1034 404 1090 et
433 1046 568 1108 semper
601 1019 774 1089 amandae
798 1025 909 1088 crucis
950 1022 1172 1088 corroboraui
1203 1027 1249 1086 et

194 1125 392 1209 subscripsi.
449 1129 488 1208 ›1‹
512 1126 587 1206 Ego
603 1125 839 1190 Wulfhelmus
864 1123 1139 1188 Dorobernensis
1167 1133 1243 1186 aeo-

194 1225 320 1291 clesiae
336 1225 628 1309 archiepiscopus
668 1226 827 1289 consensi
863 1232 899 1288 et
928 1221 1125 1306 subscripsi.
1170 1225 1238 1304 ,ᾧ

195 1324 271 1406 Ego
283 1326 445 1390 AElfwine
455 1328 637 1409 episcopus
653 1326 811 1390 consensi
822 1332 856 1389 et
866 1324 1065 1407 subscripsi.
1108 1325 1152 1405 ἧς
1167 1323 1249 1404 Ego

195 1425 327 1488 Eaduls
337 1427 519 1509 episcopus
541 1426 699 1491 consensi
714 1433 749 1489 et
764 1425 961 1508 subscripsi.
1017 1427 1056 1506 ›1‹
1076 1423 1154 1504 Ego
1175 1422 1245 1487 Cu·

195 1520 275 1589 nian
286 1527 467 1609 episcopus
478 1528 635 1591 consensi
646 1534 681 1590 et
691 1525 887 1608 subscripsi.
944 1522 1244 1613 ›1⁴Eg'otAElfbeah

195 1620 377 1708 episcopus
400 1619 563 1691 consensi
579 1636 614 1692 et
631 1627 828 1709 subscripsi.
886 1629 924 1710 ›1‹
955 1625 1030 1706 Ego
1061 1616 1246 1690 Frroestan

195 1720 377 1808 episcopus
405 1728 561 1790 consensi
593 1736 628 1791 et
656 1726 854 1808 subscripsi.
934 1728 973 1808 ›1‹
990 1725 1066 1806 Ego
1081 1715 1246 1789 cenwald

196 1825 379 1908 episcopus
404 1819 624 1891 consensi'et
653 1827 852 1909 subscripsi.
911 1828 950 1907 ›1‹
987 1823 1247 1906 Ego.Winsige

195 1925 377 2008 episcopus
413 1928 569 1991 consensi
607 1920 651 1992 et'
667 1926 867 2009 subscripsi.
947 1929 985 2006 *1⁴
999 1917 1245 2006 Egoneodred

195 2025 378 2108 episcopus
407 2027 566 2091 consensi
592 2034 627 2092 et
653 2027 852 2109 subscripsi.
910 2028 949 2107 ›1‹
981 2025 1057 2106 Ego
1074 2023 1246 2107 Cynefern

196 2126 378 2208 episcopus
394 2128 553 2191 consensi
569 2135 603 2191 et
619 2119 818 2208 subscripsi.
875 2129 914 2208 ›1‹
947 2126 1024 2206 Ego
1052 2124 1246 2189 Eadweard

196 2225 377 2309 episcopus
400 2217 557 2292 consensi
582 2236 618 2292 et
643 2227 840 2310 subscripsi.
911 2226 1050 2307 ›1⁴Ego
1076 2224 1247 2307 Cynesig'e

196 2326 376 2408 episcopus
406 2328 564 2392 consensi
592 2336 627 2392 et
654 2327 852 2410 subscripsi.
926 2328 965 2407 »ιι
989 2326 1065 2407 Ego
1079 2324 1248 2408 AEscbyrt

196 2427 378 2508 episcopus
417 2429 575 2492 consensi
608 2435 649 2491 et
692 2426 889 2510 subscripsi.
925 2480 927 2484 ,
972 2426 1011 2506 ›1‹
1031 2425 1107 2506 Ego
1125 2424 1246 2491 Wired

196 2526 379 2609 episcopus
390 2530 554 2592 consensi
570 2536 605 2592 et
622 2527 819 2609 subscripsi.
875 2527 914 2606 ›1‹
938 2526 1013 2607 Ego
1032 2525 1161 2606 Sigelm
1177 2525 1247 2608 epi.

195 2645 322 2709 scopus
338 2629 497 2692 consensi
511 2637 546 2693 et
559 2628 757 2710 subscripsi.
813 2630 852 2710 ›1‹
876 2626 951 2708 Ego
969 2625 1048 2690 Oda
1065 2626 1247 2708 episcopus

196 2727 355 2790 consensi
377 2736 413 2791 et
430 2729 627 2812 subscripsi.
685 2731 724 2808 ›1‹
747 2727 823 2808 Ego
843 2726 967 2791 Osfer’o
992 2725 1064 2789 dux
1088 2727 1246 2791 consensi

195 2834 229 2889 et
247 2828 443 2909 subscripsi.
511 2831 550 2910 »ιι
565 2828 641 2910 Ego
660 2826 832 2910 Ecsbyrht
849 2827 918 2890 dux
939 2826 1097 2891 consensi
1114 2834 1150 2891 et
1165 2828 1246 2892 sub·

196 2925 328 3008 scripsi.
385 2929 424 3008 ›1‹
446 2928 522 3010 Ego
545 2928 698 2992 AElsstau
720 2927 790 2990 dux
811 2928 970 2991 consensi
990 2935 1025 2990 et
1046 2926 1246 3008 subscripsi.

202 3028 241 3107 ›1‹
264 3027 341 3107 Ego
357 3027 490 3091 Uhtred
515 3028 588 3091 dux
613 3029 772 3092 consensi
793 3035 828 3091 et
856 3027 1052 3109 subscripsi,
1109 3028 1149 3108 ›1‹
1170 3026 1247 3109 Ego

198 3125 346 3189 Baidred
369 3127 440 3190 dux
459 3129 616 3192 consensi
639 3136 674 3192 et
697 3127 908 3209 subscripsi.
955 3128 995 3208 ›1‹
1017 3126 1092 3207 Ego
1111 3127 1247 3193 Uhtred

197 3225 267 3287 dux
285 3228 443 3291 consensi
459 3236 494 3291 et
505 3227 704 3310 subscripsi.
763 3230 802 3309 ›1‹
819 3227 895 3308 Ego
906 3225 1064 3291 Guorum
1082 3226 1155 3291 dux
1168 3247 1246 3293 con-

195 3326 285 3388 sensi
310 3333 345 3388 et
359 3327 560 3410 subscripsi.
617 3329 656 3408 ›1‹
677 3328 753 3409 Ego
772 3327 905 3391 AElfred
930 3327 1000 3391 dux
1030 3328 1190 3395 consensi
1205 3337 1247 3396 ‚et

196 3427 393 3508 subscripsi.
448 3431 487 3508 ›1‹
503 3428 577 3509 Ego
590 3429 725 3492 Durum
736 3428 809 3491 dux
823 3428 981 3492 consensi
998 3435 1033 3491 et
1046 3426 1247 3510 subscripsi.

200 3528 239 3607 ›1‹
264 3527 339 3607 Ego
358 3527 513 3591 Hawerd
531 3529 602 3591 dux
621 3530 777 3592 consensi
797 3535 832 3591 et
852 3527 1050 3609 subscripsi.
1107 3530 1146 3609 >1⁴
1169 3527 1248 3611 Ego

196 3625 409 3706 Regenwold
429 3628 501 3693 dux
517 3629 675 3692 consensi
689 3635 724 3692 et
740 3628 937 3709 subscripsi.
1008 3630 1047 3709 »ιι
1067 3627 1149 3708 Ego·
1164 3628 1246 3695 Hau

196 3726 268 3791 dux
287 3728 444 3791 consensi
467 3735 502 3792 et
528 3728 727 3811 subscripsi.
784 3730 823 3809 ›1‹
844 3727 920 3809 Ego
944 3726 1045 3791 Scule
1066 3727 1139 3793 dux
1162 3749 1246 3795 con·

196 3827 288 3889 sensi
304 3834 339 3890 et
355 3827 553 3909 subscripsi.
610 3831 649 3910 ›1‹
674 3829 750 3910 Ego
763 3827 886 3891 AElfric
904 3828 1011 3891 abbas
1033 3830 1193 3893 consensi
1212 3839 1248 3897 et

197 3927 396 4009 subscripsi.
453 3929 492 4008 ›1‹
510 3928 585 4009 Ego
601 3928 764 3993 Eadwine
793 3929 900 3992 abbas
929 3928 1086 3991 consensi
1100 3935 1145 3993 et
1163 3932 1248 3996 sub-

197 4027 345 4107 scripsi.
377 4027 498 4108 ›1⁴Ego
508 4028 691 4095 Seaxhelm
710 4030 816 4093 abbas
833 4028 989 4091 consensi
998 4035 1035 4090 'et
1046 4029 1250 4112 subscripsi.

202 4126 241 4205 >1⁴
253 4125 328 4206 Ego
336 4127 540 4193 AEbelnrnnd
555 4129 710 4194 minister
725 4129 884 4193 consensi
902 4137 937 4191 et
949 4128 1161 4209 subscripsi.-
1204 4134 1244 4214 ›1‹
