2888 4890
443 372 616 421 cunnrnn
639 368 984 419 Anonosnxourcnn.
1178 355 1245 421 205

190 528 306 593 sidens
324 530 468 608 animo,
504 532 549 595 ob
577 529 882 594 remunerationem
921 529 1062 592 maioris
1100 527 1243 611 praemii

191 628 442 712 aliquantulam
467 632 557 695 ruris
583 630 786 714 particulam
812 646 886 693 ‚xa
903 637 1137 711 comparatam
1167 649 1243 694 cas·

191 730 279 794 satis
306 732 361 795 cui
393 731 612 807 uocabulum,
648 737 742 794 certa
780 728 1034 811 astipulatione,
1069 729 1243 812 profertur

192 828 376 908 Sandford,
394 832 438 895 ad
455 832 656 895 aecclesiam
686 831 806 894 beatae
822 828 958 892 Mariae
985 829 1162 911 genitricis
1188 830 1243 894 dei

193 947 236 992 ac
264 930 392 1012 domini
431 932 541 995 nostri
568 929 672 995 lhesu
704 929 834 994 Christi
861 929 897 993 in
921 929 999 993 loco
1027 930 1086 1012 qui
1116 930 1244 994 dicitur

196 1027 390 1096 Ahhandun
418 1032 462 1095 ad
487 1051 570 1095 usus
597 1031 723 1095 ibidem
756 1030 899 1094 fratrum
926 1029 990 1092 deo
1018 1028 1240 1094 seruientium

194 1129 340 1194 libenter
357 1131 519 1209 concedo,
535 1132 719 1195 obsecrans
746 1129 1021 1212 etpraecipiens
1046 1131 1081 1194 in
1106 1132 1243 1195 nomine

197 1228 327 1295 Christi
361 1238 400 1295 ut
435 1251 534 1296 nemo
566 1250 803 1295 successorum
825 1237 1043 1294 nostrorum.
1058 1231 1245 1312 superioris

196 1329 272 1394 uel..
286 1330 457 1396 inferioris
483 1332 612 1413 gradus
636 1331 700 1394 hoc
732 1337 870 1395 nostrae
898 1330 1090 1394 deuotionis
1115 1331 1243 1395 donum

196 1429 312 1515 aliquo
337 1432 557 1496 temeritatis
594 1431 811 1514 aliquatenus
848 1431 1011 1494 instinctu
1042 1431 1244 1514 disrumpat.

196 1529 250 1595 Sit
275 1537 390 1595 autem
417 1533 592 1615 praedicta
618 1532 732 1605 tellus,
749 1538 853 1614 quam
881 1550 947 1612 ego
971 1550 1049 1594 cum
1075 1550 1244 1597 consensu

192 1631 401 1712 optimatum
426 1651 577 1696 meorum
601 1631 759 1714 praefato
789 1630 935 1712 largitus
961 1649 1038 1694 sum
1066 1634 1244 1710 coenobio,

196 1731 240 1814 ah
257 1792 261 1796 ,
276 1731 370 1807 omni
401 1739 557 1796 terrenae
583 1731 760 1795 seruitutis
792 1731 875 1812 iugo
906 1731 1025 1807 libera,
1052 1732 1162 1796 tribus
1190 1734 1245 1797 his

198 1831 366 1912 exceptis
397 1840 484 1896 rata.
506 1832 667 1897 uidelicet
703 1831 935 1913 expeditione,
957 1831 1072 1913 pontis
1114 1831 1247 1898 arcisue

197 1932 457 1997 restauratione.
503 1933 560 2021 ,Si
588 1932 666 2014 quis
701 1939 829 2008 autem,
857 1930 1028 1995 laruarico
1061 1933 1244 1999 instinctus

199 2030 333 2113 spiritu,
362 2030 426 2095 hoc
451 2033 579 2096 donum
604 2031 735 2096 uiolare
757 2031 982 2094 immutareue
1005 2041 1246 2114 praesumptu·

199 2149 279 2193 osus
292 2133 526 2214 temptauerit,
541 2132 607 2196 nisi
631 2132 738 2213 digna
762 2131 997 2195 satisfactione
1019 2137 1098 2194 ante
1114 2133 1245 2197 obitum

199 2249 298 2293 suum
329 2250 408 2294 reus
437 2231 656 2315 poenituerit,
675 2232 832 2296 'aeternis
866 2231 1019 2295 barathri
1052 2240 1246 2312 prostratus

198 2330 364 2394 incendiis
378 2351 456 2417 cum
473 2332 563 2396 Iuda
579 2332 706 2411 Christi
721 2322 895 2415 proditore
911 2331 1131 2395 aeternaliter
1145 2333 1246 2416 lugu·
1331 2343 1334 2349 “

198 2431 270 2493 bris
283 2431 457 2512 puniatur.
502 2431 656 2496 Termini
682 2452 764 2495 uero
788 2430 889 2493 huius
914 2431 1091 2514 praefatae
1113 2433 1246 2499 telluris

198 2531 235 2594 in
256 2529 344 2594 libro
363 2533 422 2614 qui
441 2532 484 2595 ad
508 2531 725 2597 Cumenoran
749 2532 898 2614 pertinet
919 2532 1049 2614 scripta
1064 2520 1245 2600 habentur.

200 2630 337 2713 Scripta
372 2639 426 2697 est
458 2632 626 2714 siquidem
655 2631 740 2695 haec
781 2631 915 2695 cartula
942 2651 1031 2695 anno
1058 2633 1247 2702 dominicae

198 2731 447 2796 incarnationis
491 2748 741 2798 ,nccccxxxn
789 2731 974 2795 indictione
1013 2749 1090 2794 rur.
1151 2735 1248 2798 cuius

199 2830 303 2894 etiam
337 2833 562 2896 inconcussae
592 2832 766 2896 firmitatis
799 2832 987 2895 auctoritas
1017 2830 1071 2894 his
1101 2835 1247 2898 testibus

196 2932 363 2995 roborata
392 2939 539 3010 constat,
570 2952 714 3015 quorum
751 2932 890 2995 nomina
920 2931 1043 2995 subtus
1077 2941 1246 2998 annotan-

200 3039 268 3096 tur.
309 3061 312 3065 >
736 3074 738 3078 »
808 3076 810 3081 -
1156 3073 1172 3078 ›-

217 3154 222 3190 ;
256 3134 295 3213 >1⁴
314 3132 390 3214 Ego
405 3130 625 3196 AEbelstanus
645 3123 829 3213 singularis
850 3132 1021 3215 priuilegii
1047 3134 1248 3198 monarchia

202 3232 387 3314 praeditus.
410 3253 472 3296 rex
505 3232 605 3296 huius
645 3232 861 3314 syngraphae
897 3232 1132 3297 fulcimentum
1171 3254 1247 3299 cum

201 3332 300 3412 signo
321 3333 830 3397 sanotaecruciscorroborari.
888 3334 927 3415 »χε
950 3332 1026 3414 Ego
1046 3333 1248 3399 Wulfelmus

203 3432 475 3496 Dorobernensis
500 3431 687 3496 aecclesiae
720 3432 996 3514 archiepiscopus
1027 3436 1183 3497 consensi
1214 3445 1249 3501 et

155 3613 158 3618 Ι
201 3532 398 3613 subscripsi.
466 3533 505 3612 >1⁴
535 3532 612 3615 Ego
627 3532 845 3596 Wulfstanus
870 3532 1095 3596 Eboracensis
1120 3535 1250 3598 aeccle-

198 3633 272 3700 siae
290 3631 565 3714 archiepiscopus
591 3633 745 3696 consensi
774 3638 809 3696 et
833 3632 1028 3714 subscripsi.
1107 3636 1146 3715 »χι
1173 3633 1249 3716 Ego

203 3731 366 3794 AElfwine
389 3732 569 3814 episcopus
595 3722 765 3815 adquieui.
822 3734 861 3813 ›1‹
884 3731 960 3813 Ego
977 3732 1151 3814 Byrnstan
1177 3736 1249 3816 epi·

198 3834 328 3914 scopus
343 3831 499 3896 consensi
527 3839 563 3896 et
587 3832 783 3915 subscripsi.
857 3834 897 3911 >1⁴
918 3832 993 3913 Ego
1011 3831 1163 3913 Sighelm
1179 3836 1251 3915 epi-

202 3950 327 4014 scopus
368 3932 525 3994 consensi
564 3938 598 3995 et
633 3933 828 4014 subscripsi.
903 3935 942 4014 »ιι
978 3933 1054 4013 Ego
1086 3931 1250 3998 Cenwald

202 4033 382 4114 episcopus
398 4031 556 4095 consensi
570 4038 604 4096 et
617 4032 814 4115 subscripsi.
872 4035 911 4114 ›1‹
940 4033 1016 4112 Ego
1032 4032 1163 4095 Eadulf
1179 4036 1252 4117 epi·

197 4150 327 4214 scopus
346 4133 508 4197 ¹consensi
525 4139 568 4196 et
594 4133 790 4214 subscripsi.
848 4134 888 4214 ›1‹
908 4133 987 4213 Ego
1001 4132 1166 4197 AElfheah
1182 4137 1250 4217 epi·
