2888 4890
192 367 257 433 146
447 384 620 433 cataras
645 382 989 432 anenosnxorucun.

597 638 848 706 mcxxvii.

364 755 651 854 ainwnnan
680 789 744 855 or
766 783 985 864 nassum
1007 787 1082 854 ooo.

253 940 291 1021 ›1‹
323 937 529 1003 Rncuaurn
551 939 803 1022 imperpetuum
827 937 966 1002 domino
990 942 1111 1000 nostro
1139 936 1245 1000 Ihesu

197 1037 348 1114 Christo,
368 1048 403 1104 et
420 1039 536 1103 omnia
562 1038 605 1102 de
632 1058 766 1102 summo
791 1036 877 1102 coeli
908 1037 1005 1119 apice
1031 1037 1183 1101 nisibilia
1211 1044 1247 1100 ct

197 1138 382 1203 inuisibilia
396 1137 633 1203 ordinabiliter
645 1140 870 1219 gubernante,
876 1137 1137 1219 praesentisque
1151 1138 1246 1202 uitae

197 1257 332 1322 semper
346 1239 516 1303 curriculo
531 1238 657 1302 cotidie
671 1238 888 1302 decrescente
902 1238 909 1298 !
943 1236 1167 1320 Quapropter
1181 1257 1246 1319 ego

198 1339 382 1416 Eadward,
400 1339 515 1420 gratia
537 1338 593 1402 dei
609 1336 926 1419 Angul-Saxonum
952 1356 1026 1412 rex,
1052 1336 1245 1402 litterarum

198 1439 382 1502 memoriae
404 1437 642 1502 commendare
659 1438 927 1520 procurauerim,
950 1436 1043 1519 quod
1068 1437 1103 1500 in
1126 1436 1245 1503 diebus

198 1538 258 1603 aui
284 1538 349 1602 mei
375 1537 549 1602 AEttelwlfi
578 1537 669 1619 regis
693 1544 728 1601 et
752 1535 900 1601 AElfredi
924 1537 1016 1616 regis
1042 1536 1152 1618 patris
1179 1538 1245 1603 mci

196 1637 327 1702 factum
352 1638 476 1714 fuerat,
492 1637 557 1702 hoc
585 1643 639 1702 est
666 1637 757 1720 qnod
783 1636 841 1701 ille
869 1633 985 1703 Asulf
1005 1656 1068 1700 rex
1093 1637 1257 1702 moriens.

199 1736 455 1802 commendauit
471 1737 627 1802 AElfredo
649 1738 736 1818 regi,
750 1735 821 1801 filio
846 1756 923 1814 suo,
940 1735 1035 1801 illam
1052 1742 1181 1801 terram
1199 1746 1246 1803 aet

199 1836 422 1902 Ceolseldene
446 1844 482 1902 et
503 1845 550 1902 aet
565 1837 719 1902 Sweores
741 1836 847 1914 holte,
868 1855 911 1901 ea
929 1835 1136 1913 conditione,
1152 1839 1245 1920 quod

197 1935 256 2001 ille
274 1936 407 2001 AElfred
436 1957 499 2002 rex
523 1946 602 2020 post
623 1938 753 2001 obitum
777 1956 877 2001 suum
895 1936 1082 2001 dimitteret
1103 1938 1246 2003 eandem

198 2044 325 2101 terram
353 2037 403 2101 illi
432 2037 582 2101 familiae
608 2037 797 2102 uenerabili
826 2038 862 2100 in
879 2036 1060 2101 Wintonia
1090 2037 1245 2116 ciuitate,

199 2136 397 2220 specialiter
420 2136 464 2201 ad
487 2137 703 2201 refectorium
729 2155 842 2213 suum,
857 2136 1049 2201 habendam
1076 2144 1112 2202 ct
1133 2140 1245 2220 possi·

199 2236 345 2302 dendam
385 2236 695 2319 perfruendumque
732 2236 980 2320 perpetualiter
1015 2256 1093 2301 eum
1133 2238 1244 2318 siluis,

198 2337 341 2420 campis,
363 2337 472 2418 pratis
492 2344 528 2401 et
542 2337 692 2420 pascuis,
708 2343 814 2420 atque
833 2337 991 2401 omnibns
1020 2337 1064 2401 ad
1085 2356 1124 2401 se
1141 2341 1245 2421 perti-

197 2438 359 2501 nentibus
375 2436 410 2500 in
426 2438 670 2520 sempiternam
686 2435 945 2501 haereditatem.
995 2434 1163 2502 Attamen
1180 2459 1244 2521 ego

199 2536 370 2600 Eadward
402 2556 464 2603 rex
500 2544 683 2620 utramque
717 2535 908 2620 praefatam
946 2545 1074 2601 terram
1108 2540 1153 2602 ab
1184 2539 1245 2604 illa

197 2635 386 2700 uenerabili
405 2636 561 2719 praefata
582 2637 714 2701 familia
734 2638 770 2700 in
789 2637 968 2702 Wintonia
988 2637 1131 2703 ciuitate
1149 2658 1244 2705 com·

196 2736 331 2818 paraui,
341 2736 487 2821 dedique
500 2757 563 2820 pro
575 2744 722 2819 utraque
736 2736 894 2820 praefata
909 2744 1243 2805 terra.x.maneutes

197 2835 232 2898 in
249 2834 309 2901 illo
326 2835 403 2900 loco
423 2837 482 2919 qui
497 2837 622 2903 dicitur
639 2845 687 2901 aet
698 2836 800 2901 Stoce
821 2839 864 2900 be
879 2837 1145 2920 Hysscburnan,
1163 2858 1242 2904 eum

196 2936 354 2999 omnibus
386 2935 579 3001 hominibus
611 2938 671 3020 qui
700 2937 737 3001 in
765 2936 827 3001 illa
854 2945 948 3001 terra
976 2943 1076 3000 erant
1103 2939 1243 3020 quando

196 3035 330 3099 AElfred
348 3055 410 3099 rex
424 3036 520 3113 obiit,
531 3044 567 3100 ct
577 3036 681 3100 etiam
696 3055 774 3100 cum
788 3035 857 3101 illis
873 3037 1031 3101 omnibus
1048 3035 1242 3105 hominibus

196 3136 256 3220 qui
276 3144 358 3200 tunc
382 3135 521 3200 fuerunt
544 3142 591 3200 aet
614 3135 834 3200 Hisseburna
856 3136 995 3219 quando
1017 3135 1153 3207 AEltred
1179 3159 1242 3207 rex

196 3237 288 3299 uiam
317 3236 499 3300 uniuersae
531 3236 647 3300 carnis
677 3235 774 3300 adiit.
826 3235 914 3300 Sunt
936 3243 1051 3302 autem
1074 3244 1242 3322 utraeque

195 3342 308 3398 terrae
320 3336 363 3399 ab
373 3337 466 3399 omni
480 3355 586 3400 censu
595 3335 762 3400 mundiali
774 3343 809 3399 ct
820 3337 929 3418 regali
942 3335 1071 3401 liberae
1085 3346 1122 3402 et
1133 3357 1241 3422 expe·

196 3433 301 3511 ditae,
312 3444 459 3517 excepta
476 3435 707 3519 expeditione,
721 3442 757 3499 et
773 3437 861 3501 arcis
874 3445 910 3502 et
923 3436 1039 3520 pontis
1061 3444 1240 3504 construc-

195 3535 298 3598 tione.
343 3531 445 3600 Anno
466 3544 581 3601 autem
599 3536 789 3600 dominicae
804 3536 1050 3601 incarnationis
1067 3544 1239 3607 peccem.

194 3632 380 3699 indictione
404 3642 482 3699 .111⁰.
502 3634 639 3717 quando
658 3634 803 3699 AElfred‘
818 3655 881 3701 rex
904 3638 989 3701 obiit
1011 3643 1047 3700 et
1065 3636 1240 3705 Eadward

192 3754 267 3812 rex,
287 3733 377 3797 lilius
399 3754 495 3813 suus,
508 3754 651 3817 regnum
668 3736 831 3818 suscepit,
852 3737 937 3801 haec
954 3734 1089 3801 cartula
1108 3739 1240 3823 scripta

192 3835 302 3898 estin
317 3834 497 3899 Wintonia
520 3835 674 3912 ciuitate,
701 3855 818 3900 coram
842 3836 911 3901 illis
936 3835 1066 3900 idoneis
1090 3839 1239 3905 testibus

191 3952 337 4016 quorum
352 3934 490 3998 nomina
504 3936 754 4018 subterscripta
769 3943 860 4001 sunt.

246 4035 284 4114 ›1‹
308 4033 384 4115 Ego
396 4033 568 4099 Eadward
591 4056 654 4100 rex
672 4035 851 4118 signaculo
873 4042 1015 4101 sauctae
1032 4036 1145 4101 erucis
1162 4056 1240 4101 cor·

189 4133 363 4196 roboraui.
434 4135 474 4214 ›1‹
496 4133 573 4216 Ego
608 4134 796 4200 Denewulf
823 4136 1016 4218 episcopus.
1092 4138 1132 4218 ›1‹
1160 4136 1238 4218 Ego
