2888 4890
190 361 256 432 372
452 378 624 427 censura
647 377 994 427 ancnosnxonrcru.

195 538 330 612 simum,
349 544 384 600 et
404 556 445 601 eo
467 535 615 619 amplius
637 537 702 599 mei
725 536 941 601 deuotissimi
965 536 1248 619 praedecessores

196 637 318 702 fecisse
350 638 629 719 comprobantur,
665 637 828 719 quicquid
857 657 941 701 uero
973 638 1158 720 tepi[di]us
1191 636 1248 699 uel

197 736 428 818 negligentius
448 756 653 820 quacunque
675 757 720 800 ex
743 756 850 801 causa
875 756 934 801 eos
956 738 1067 819 egisse
1091 757 1249 819 comper·

198 847 254 900 tus
279 837 388 915 luero,
405 836 586 901 emendare
603 837 761 901 studebo,
813 835 894 916 Qua
911 837 952 900 dc
970 858 1019 914 re,
1034 837 1078 901 ob
1096 857 1250 900 amorem

197 957 301 1000 uerae
332 937 524 1020 sapientiae
555 957 631 1001 meo
663 937 866 1020 adoptatiuo
897 938 1044 1019 parenti,
1077 936 1249 1001 uocabulo

199 1035 334 1101 AElrico
357 1053 437 1102 .xx.
466 1054 604 1100 mansas
631 1037 753 1101 libenti
778 1037 892 1100 animo
913 1037 1077 1114 concedo,
1098 1058 1161 1120 pro
1185 1056 1250 1100 sua

198 1137 433 1202 satisfactione
451 1138 635 1224 chriquue
652 1138 798 1201 amando
817 1134 913 1201 ω.
931 1137 1007 1219 ipse
1024 1136 1106 1201 mihi
1128 1157 1251 1202 conce·

199 1237 300 1302 deute
328 1258 443 1302 coram
469 1239 614 1302 testibus
637 1245 671 1300 et
693 1237 825 1301 idoneis
846 1238 1045 1318 proceribus
1068 1257 1122 1309 me
1150 1237 1249 1302 illum

198 1337 371 1420 diligendo
394 1339 459 1403 hoc
482 1337 674 1421 praefatum
696 1358 755 1400 rus
778 1337 956 1418 signaculo
981 1338 1092 1402 crucis
1118 1337 1250 1401 Christi

199 1439 396 1514 corroboro,
428 1447 597 1521 quatenus
632 1437 824 1520 cuicunque
856 1437 995 1502 haeredi
1029 1456 1067 1501 se
1099 1438 1251 1502 uiuendo

198 1539 327 1602 tribuat
344 1540 506 1628 uitaeque
522 1545 602 1620 post
616 1557 701 1602 suae
714 1538 956 1603 discessionem
971 1538 1015 1601 ab
1030 1537 1132 1601 huius
1147 1537 1252 1601 cadu-

199 1640 304 1702 citate
327 1639 444 1702 mundi
467 1639 593 1702 donum
615 1639 724 1720 ipsius
746 1639 945 1702 firmiterrin
972 1645 1148 1702 aeternum
1175 1658 1251 1720 per-

199 1747 350 1814 maneat,
378 1759 455 1802 cum
490 1739 648 1803 omnibus
683 1738 785 1802 rebus
816 1739 1079 1820 pertinentibus,
1097 1738 1148 1802 >id
1184 1745 1251 1816 est,

199 1840 341 1921 campis,
360 1840 484 1921 pratis,
499 1839 648 1921 pascuis,
668 1839 927 1920 piscationibus.
979 1838 1124 1902 Praeter
1144 1858 1251 1920 expe-

200 1939 375 2015 ditionem,
398 1940 600 2022 pontiumue
623 1958 754 2003 necnon
782 1947 817 2003 et
845 1938 973 2002 arcium
1005 1937 1251 2020 [constructio-

200 2041 307 2120 neml,
324 2040 502 2122 praedicta
526 2047 619 2103 terra
638 2040 684 2104 sit
710 2041 753 2103 ab
778 2039 871 2102 omni
896 2040 979 2103 fisco
996 2038 1105 2120 regali
1130 2038 1250 2103 libera.

199 2140 236 2205 Si
257 2142 346 2223 quis,
368 2141 459 2223 quod
477 2140 579 2215 absit,
596 2147 749 2203 nostram
771 2140 992 2204 donationem
1012 2139 1172 2220 frangere
1194 2159 1252 2203 co-

200 2250 304 2305 natus
329 2241 443 2316 fuerit,
463 2241 550 2305 sciat
569 2260 607 2303 se
622 2240 879 2304 anathematum
897 2258 972 2303 esse
994 2247 1076 2302 ante
1098 2238 1251 2302 tribunal

200 2342 330 2406 domini
353 2341 463 2405 nostri
489 2340 596 2404 lhesu
624 2340 761 2406 Christi.
787 2390 790 2397 .
829 2339 1021 2403 Hacuero
1053 2338 1252 2403 conditione

200 2442 405 2523 interposita
421 2439 579 2523 praefata
593 2448 686 2504 terra
702 2439 738 2503 in
755 2441 829 2504 uita
850 2459 914 2503 sua
932 2441 1019 2503 hene
1039 2438 1252 2521 perfruatur,

201 2549 236 2606 et
263 2543 467 2623 cuicumque
493 2541 632 2604 haeredi
662 2539 811 2604 uoluerit
839 2538 1067 2622 derelinquat.
1136 2537 1250 2604 Annis

201 2661 348 2724 namque
376 2641 567 2705 dominicae
593 2641 788 2705 natiuitatis
815 2641 1011 2718 transactis
1041 2655 1251 2703 bonosum.

200 2743 387 2807 indictione
407 2743 528 2805 .xr111⁸.
544 2740 600 2803 hic
615 2740 799 2804 codicellus
819 2741 1033 2824 conscriptus
1054 2747 1118 2804 est.
1172 2729 1251 2803 Her

200 2844 343 2906 sintita
376 2830 609 2923 landgemffiro
641 2831 679 2904 t6
711 2840 899 2923 Hannigge
925 2830 1014 2906 'dara
1041 2856 1121 2904 .xx.
1144 2832 1250 2932 hyda.

202 2943 320 3007 AErest
345 2942 385 3006 of
407 2949 482 3007 taes
509 2942 626 3022 cinges
658 2928 807 3022 gemffire
833 2960 878 3005 on
905 2941 1118 3021 Wauotingc
1145 2930 1250 3020 br603

201 3044 352 3123 andlang
378 3030 545 3107 streames
572 3041 640 3106 eaet
663 3041 726 3125 hyt
752 3045 853 3123 cyme
876 3034 919 3106 fit
946 3062 990 3105 on
1019 3040 1142 3123 Cyllan
1171 3030 1248 3115 ι’ῑῦς

199 3149 271 3207 aar
295 3149 365 3208 bon
395 3142 545 3223 andlang
569 3134 642 3207 ride
657 3146 729 3207 dact
751 3140 814 3224 hyt
835 3148 938 3225 cymit
960 3135 1002 3206 fit
1026 3161 1070 3204 on
1094 3141 1250 3222 Eccenc3

199 3248 271 3307 naet
294 3242 448 3322 andlang
471 3242 626 3306 Eocccne
654 3248 727 3307 beet
756 3242 819 3326 hyt
842 3249 944 3325 cyma
971 3233 1010 3307 t6
1042 3231 1250 3307 Uulfmssres

202 3342 336 3425 mylne3
365 3347 438 3406 'dect
458 3350 572 3407 ’nonne
590 3335 654 3407 sun
670 3363 715 3406 on
728 3347 818 3406 tione
833 3343 957 3406 ealdan
973 3333 1074 3419 br603
1099 3342 1252 3423 andlang

201 3432 324 3508 brdces
341 3448 413 3507 itaet
429 3442 491 3526 hyt
507 3447 608 3526 cymtt
626 3433 664 3507 tf)
679 3441 841 3507 Snoddan
858 3432 977 3516 fleote3
1001 3442 1043 3505 ol
1057 3428 1125 3505 han
1146 3432 1250 3506 fledte

202 3534 240 3608 td
261 3530 333 3608 ban
359 3532 490 3607 bradan
516 3541 682 3625 herpade3
718 3542 870 3623 andlang
901 3541 1063 3624 herpabes
1091 3540 1161 3605 beet
1188 3542 1252 3625 hyt

201 3649 302 3727 cyma
320 3643 369 3706 cst
384 3633 422 3707 td
439 3648 513 3707 bans
528 3644 645 3724 cinges
662 3634 822 3723 gemffire.

256 3747 296 3825 ›1‹
323 3742 400 3824 Ego
416 3741 577 3824 Eadnnig
599 3743 716 3806 diuina
741 3742 971 3807 allubescente
997 3742 1113 3824 gratia
1139 3743 1252 3806 tocius

200 3843 360 3906 Albionis
382 3861 444 3906 rex
469 3843 533 3906 hoc
561 3843 688 3906 donum
706 3843 805 3924 agiae
829 3844 941 3907 crucis
964 3850 1118 3907 taumate
1142 3843 1251 3924 tripu-

201 3943 300 4006 dians
323 3943 493 4006 roboraui.
550 3942 688 4025 ›14Ego
717 3941 794 4006 Oda
814 3942 1091 4026 archiepiscopus
1112 3942 1250 4023 signum

202 4041 314 4106 crucis
332 4042 501 4125 impressi.
565 4042 608 4127 ›1‹
630 4043 706 4125 Ego
723 4042 864 4125 Eadgar
880 4043 963 4106 clito
979 4042 1131 4106 eiusdem
1158 4044 1251 4126 regis

203 4141 370 4224 adelphus
389 4142 561 4208 roboraui.
631 4143 673 4228 ›1‹
695 4143 771 4224 Ego
787 4143 936 4225 AEllsige
962 4143 1145 4226 episcopus
1168 4136 1250 4206 con·
