2888 4890
189 350 233 414 92
449 364 622 413 curnula
644 363 992 412 nuonosnxomcon.

190 521 432 603 episcoporum
469 522 528 604 qui
562 528 660 584 erant
696 521 732 585 iu
771 521 916 585 australi
954 529 1055 605 parte
1091 519 1244 584 fluminis

192 621 351 684 Humbre
371 621 408 685 in
427 620 503 686 loco
527 621 586 704 qui
603 620 728 685 dicitur
746 621 1026 698 Uetustissimus,
1041 619 1159 703 ibique
1181 640 1245 704 pro

191 721 290 784 firma
314 720 506 785 stabilitate
531 721 616 789 haec
643 721 760 785 eadem
784 721 925 786 scedula
951 722 1101 785 adducta
1129 727 1183 785 est
1208 728 1244 785 et

191 841 269 885 cum
287 821 387 902 'signo
405 828 546 886 sanctae
565 822 676 885 crucis
695 821 825 885 Christi
843 822 886 885 ab
908 820 961 884 his
977 821 1125 885 testibus
1141 821 1245 884 robo-

193 927 269 983 rata
293 940 438 1004 quorum
467 921 607 985 nomina
637 921 757 985 subter
790 928 996 1004 praenotata
1024 920 1245 986 cernentibus

193 1020 285 1083 clare
298 1027 494 1104 patescunt.

249 1122 288 1202 ›1‹
326 1121 405 1202 Ego¹
438 1119 593 1185 Ceolno’d
630 1120 745 1202 gratia
766 1120 821 1184 dei
853 1120 1133 1203 archiepiscopus
1155 1120 1245 1185 hanc

192 1220 504 1284 reconciliationem
549 1220 676 1285 iterato
726 1221 803 1284 uice
852 1221 1057 1285 confirmans
1107 1221 1244 1302 signum

192 1327 332 1384 sanctae
354 1320 466 1386 crucis
488 1321 631 1385 exaraui
647 1328 683 1386 et
707 1321 742 1383 in
766 1322 903 1385 nomine
918 1327 1060 1384 sanctae
1077 1321 1244 1385 trinitatis

192 1420 350 1484 omnihus
377 1419 535 1484 fidelibus
568 1420 819 1485 obseruandum
851 1420 1038 1503 praecipio.
1096 1422 1135 1502 ›1‹
1165 1421 1242 1502 Ego

193 1519 422 1584 Helmstanus
438 1520 620 1604 episcopus
634 1541 703 1585 non
724 1521 830 1584 renui.
886 1521 926 1601 ›1‹
954 1521 1031 1602 Ego
1050 1519 1242 1585 Helstauus

194 1621 376 1702 episcopus
401 1620 570 1685 consensi.
647 1623 686 1703 ›1‹
715 1620 790 1702 Ego
812 1622 1030 1685 Humbertus
1050 1621 1245 1703 episcopus.

198 1719 336 1801 »11Ego
360 1717 563 1784 Swidhunus
587 1720 780 1803 episcopus.
848 1722 888 1802 ›1‹
913 1720 993 1802 Ego
1017 1717 1245 1784 Ceolberhtus

77 1834 82 1847 ’
194 1819 387 1901 episcopus.
423 1821 463 1901 ›1‹
478 1820 554 1902 Ego
567 1819 737 1886 cucullus
752 1821 943 1903 episcopus.
989 1822 1028 1902 ›1‹
1045 1819 1123 1902 Ego
1134 1817 1245 1883 Hum-

192 1918 311 1983 bertus
326 1919 519 2002 episcopus.

638 2217 801 2282 quv.

368 2366 697 2433 ARcHBISHOP
721 2333 963 2445 coeundo,
991 2367 1067 2433 sao.

248 2518 288 2598 ›1‹
318 2516 428 2581 ANNo
469 2515 660 2581 dominicae
707 2513 956 2579 incarnationis
998 2532 1245 2581 uocoxxxm.

193 2614 270 2697 Ego
314 2613 508 2681 Ceolnohus
546 2615 661 2698 gratia
703 2615 757 2678 dei
803 2613 1081 2697 archiepiscopus
1130 2615 1246 2680 Doro·

192 2716 331 2780 herniae
344 2717 543 2800 comparaui
555 2716 694 2800 publica
710 2716 850 2797 propria
865 2715 1011 2797 pecunia
1026 2734 1104 2778 mea
1117 2722 1246 2779 terram

192 2817 328 2879 nomine
353 2816 476 2881 Certa
496 2816 644 2899 quodam
670 2815 824 2897 principe
851 2821 979 2878 uocato
1004 2814 1139 2891 AEle’de
1163 2834 1246 2879 con-

192 2915 363 2980 sentiente
383 2924 418 2980 et
438 2917 645 2981 concedente
667 2915 806 2979 domino
826 2934 901 2979 meo
925 2935 1006 2996 rege
1031 2915 1243 2994 AE'oeluulfo

193 3021 229 3078 et
245 3015 389 3078 eandem
406 3023 532 3081 terram
547 3017 690 3080 liberam
705 3015 940 3098 proclamante
956 3015 999 3078 ab
1015 3015 1107 3077 omni
1125 3033 1246 3079 saecu·

193 3112 258 3177 lari
292 3116 438 3181 seruicio
470 3124 505 3182 et
534 3115 631 3198 regio
661 3115 802 3192 tributo,
834 3114 989 3199 exceptis
1014 3114 1245 3196 expeditione,

194 3215 310 3295 pontis
327 3223 360 3280 et
378 3217 467 3281 arcis
482 3216 750 3281 constructione.

657 3384 779 3398 ..a—-

627 3508 813 3575 MXLVI.

365 3657 645 3723 AEDELUULF
669 3659 733 3723 OF
755 3657 974 3736 WESSEX,
997 3657 1074 3722 839.

247 3809 285 3888 ›1‹
322 3805 431 3872 Auuo
470 3808 661 3873 dominicae
698 3809 945 3872 incarnationis
983 3825 1246 3878 mcccxxxm.

194 3908 278 3989 Ego<
292 3906 451 3972 AEdulfus
478 3928 540 3971 rex
569 3909 613 3972 do
648 3907 825 3974 Ceolno'do
855 3909 1113 3993 archiepiscopo
1143 3910 1245 3974 caris·

191 4007 277 4071 simo
295 4028 382 4085 meo,
399 4015 534 4091 partem
552 4015 665 4074 terrae
682 4009 766 4073 iuris
784 4009 851 4072 mei
869 4010 1007 4074 nomine
1025 4008 1245 4075 Eastreasta·

192 4106 339 4185 delham,
367 4108 498 4173 scilicet
522 4116 654 4191 septem
683 4110 815 4191 iugera,
850 4128 939 4191 quae
964 4109 1126 4174 uidelicet
1153 4117 1244 4176 terra
