2888 4890
478 410 650 459 cnuarnn
673 405 1017 461 auctosnxonrcnn‘.
1190 396 1254 463 261

598 671 869 737 mcxxxiv.

545 790 812 901 ninuuun,
835 823 911 888 940.

254 974 293 1055 ›1‹
312 972 518 1037 Rucunuru
544 971 580 1034 in
608 978 811 1054 perpetuum
839 974 977 1038 domino
1009 982 1127 1039 nostro
1146 975 1251 1040 ihesu

199 1071 361 1137 Christo!
414 1072 508 1136 Dum
540 1072 726 1136 conditoris
756 1075 865 1137 nostri
894 1074 1111 1156 prouidentia
1138 1078 1249 1140 omnis

198 1180 357 1236 creatura
381 1172 483 1237 ualde
499 1173 589 1236 bona
611 1173 647 1235 in
673 1174 841 1255 principio
863 1173 1011 1238 formata
1032 1174 1249 1258 formoseque

196 1279 315 1336 creata
344 1280 450 1355 atque
479 1273 633 1355 speciose
666 1272 840 1354 plasmata
868 1281 933 1351 est,
959 1294 1065 1356 supra
1093 1283 1127 1340 et
1158 1276 1250 1340 infra

197 1364 324 1450 coelos,
340 1379 412 1437 tam
429 1373 464 1436 in
482 1373 614 1454 angelis
631 1392 732 1456 quam
758 1374 861 1437 etiam
883 1375 918 1437 in
935 1374 1138 1452 hominibus,
1157 1394 1197 1441 ac
1213 1378 1248 1440 in

196 1472 408 1536 ¹multimodis
431 1493 473 1537 ac
493 1473 639 1537 diuersis
656 1474 835 1555 speciebus
857 1474 1098 1552 iumentorum,
1116 1476 1248 1540 anima·

195 1571 292 1650 lium,
316 1573 474 1656 piscium,
502 1573 694 1648 uolucrum,
728 1593 816 1656 quae
843 1576 957 1639 omnia
988 1584 1133 1640 naturae
1164 1595 1248 1641 suae

195 1672 283 1750 iura,
304 1682 392 1738 nutu
409 1674 585 1750 creatoris
603 1672 822 1756 persoluant3
846 1675 912 1742 nisi
938 1674 1039 1739 horno
1057 1676 1164 1752 solus,
1187 1678 1246 1760 qui

196 1772 240 1837 ad
267 1764 455 1855 imaginem
484 1793 582 1838 suam
612 1774 804 1856 plasmatus
819 1781 872 1838 est
903 1782 938 1838 et
967 1775 1123 1839 omnibus
1149 1796 1248 1858 prae·

194 1872 299 1951 latus,
325 1881 442 1938 tamen
470 1880 611 1957 propter
641 1875 970 1956 praeuaricationem
1010 1896 1172 1941 corruens
1210 1878 1247 1941 in

193 1981 352 2049 mortem,
384 1980 419 2038 et
448 1975 594 2057 primam
621 1974 878 2038 inmortalitatis
911 1974 1037 2039 stolam
1068 1976 1247 2040 miserabi-

194 2073 285 2151 liter,
313 2074 442 2138 domini
466 2073 739 2158 contempnendo
768 2074 981 2151 mandatum,
1009 2077 1134 2150 amisit,
1187 2076 1247 2140 Id-

195 2174 288 2238 circo
306 2174 387 2239 illae
402 2174 545 2238 diuitiae
560 2174 738 2256 eligendae
756 2181 837 2239 sunt
855 2195 944 2258 quae
962 2194 1139 2259 nunquam
1154 2176 1247 2240 deei-

195 2275 298 2357 piunt
324 2273 519 2351 habentem,
555 2294 618 2339 nec
644 2275 679 2337 in
703 2275 781 2359 ipsa
806 2281 916 2339 morte
943 2276 1160 2353 amittuntur,
1184 2277 1247 2341 sed

194 2374 274 2456 plus
299 2374 502 2440 habundant
529 2375 611 2439 dum
638 2375 789 2439 cernitur
819 2376 911 2459 quod
936 2383 1085 2442 amatur.
1148 2372 1244 2455 Qua-

194 2481 336 2558 propter
372 2495 437 2558 ego
466 2475 703 2552 EadmunduS,
732 2474 872 2540 fauente
911 2494 1060 2559 superno
1095 2477 1246 2556 numine,

194 2575 344 2640 basileos
367 2575 557 2640 industrius
574 2572 767 2659 Anglorum
785 2583 1066 2660 caeterarumque
1091 2577 1245 2659 gentium

192 2673 229 2738 in
253 2675 398 2740 circuitu
424 2675 692 2758 persistentium,
708 2675 844 2740 cuidam
871 2675 963 2739 fideli
987 2697 1064 2741 meo
1086 2678 1244 2744 ministro

192 2777 346 2840 uocitato
370 2775 508 2841 nomine
523 2775 672 2857 AElfsige
693 2776 738 2839 ob
755 2774 848 2840 illius
872 2776 1018 2841 amabile
1040 2777 1243 2860 obsequium

193 2876 335 2960 eiusque
365 2875 529 2960 placabili
556 2876 723 2940 fidelitate
753 2892 862 2940 mxx.
893 2895 1032 2941 mansas
1064 2876 1244 2960 largiendo

192 2976 339 3042 libenter
355 2976 544 3041 concedens
566 2977 776 3061 perdonabo,
793 2976 865 3041 illio
888 2977 947 3040 ubi
968 2976 1107 3060 uulgus,
1129 2978 1245 3062 prisca

191 3077 371 3154 relatione,
395 3077 526 3142 uocitat
550 3085 597 3142 aet
617 3076 854 3155 Wuealtham,
879 3078 1042 3160 quatinus
1067 3077 1126 3142 ille
1156 3079 1242 3145 bene

191 3166 389 3261 perfruatur
428 3197 469 3241 ac
516 3176 764 3262 perpetualiter
796 3177 985 3260 possideat,
1019 3177 1100 3242 dum
1139 3178 1241 3244 huius

191 3277 340 3343 labentis
364 3276 441 3342 aeui
467 3295 603 3341 cursum
630 3284 786 3342 transeat
810 3278 972 3354 inlaesus
997 3284 1103 3361 atque
1122 3279 1241 3345 uitalis

192 3378 335 3462 spiritus
365 3378 401 3441 in
427 3379 641 3461 corruptibili
668 3397 772 3442 carne
799 3378 1001 3458 inhaereat3
1039 3385 1074 3442 et
1099 3385 1180 3461 post
1204 3398 1243 3446 se

194 3479 397 3561 cuicumque
434 3479 584 3543 uoluerit
616 3478 809 3561 perenniter
845 3477 984 3542 haeredi
1015 3477 1243 3564 derelinquat,

191 3579 295 3643 sicuti
313 3578 567 3661 praediximus.
619 3578 673 3642 Sit
698 3586 811 3642 autem
840 3579 1051 3660 praedictum
1074 3598 1133 3642 rus
1156 3579 1241 3644 libe·

190 3699 266 3743 rum
290 3679 334 3743 ab
356 3679 449 3743 omni
470 3677 635 3742 mundiali
662 3677 853 3756 obstaculo,
871 3697 947 3742 cum
971 3677 1129 3741 omnibus
1151 3698 1241 3761 quae

193 3779 237 3844 ad
253 3779 367 3863 ipsum
385 3779 499 3844 locum
517 3779 687 3862 pertinere
703 3779 940 3855 dinoscuntur,
956 3784 1027 3841 tam
1049 3776 1086 3840 in
1107 3780 1242 3860 magnis

192 3899 294 3963 quam
313 3879 349 3942 in
366 3879 509 3944 modicis
532 3880 645 3956 rebus,
664 3879 807 3962 campis,
824 3879 975 3960 pascuiS,
990 3877 1111 3960 pratis,
1130 3878 1241 3958 siluis,

161 4030 168 4043 .
192 3986 341 4064 excepto
357 3979 434 4044 istis
449 3980 571 4058 tribus,
587 3979 817 4062 expeditione,
827 3979 943 4061 pontis
960 3978 1094 4042 arcisue
1105 3979 1241 4044 coaedi-
1286 4010 1289 4015 Δ

191 4081 363 4145 ficatioue.
416 4079 521 4144 Hanc
547 4099 631 4143 uero
659 4099 769 4144 meam
792 4077 1022 4155 donationem,
1037 4079 1129 4160 quod
1156 4088 1239 4163 opto

192 4180 334 4246 absita
361 4180 512 4245 fidelium
544 4180 726 4256 mentibus,
757 4179 991 4244 minuentibus
1017 4187 1121 4262 atque
1147 4179 1239 4245 fran-
