2888 4890
460 372 633 421 canaria
655 372 1003 424 aucmsrxorucrn.
1180 360 1243 426 211

626 629 812 696 novin.

525 752 814 857 mnnnsrin,
833 780 910 844 oar.

247 932 286 1013 ›1‹
308 929 514 995 Rncrtnrrun
541 931 780 994 uniuersorum
811 928 1027 993 modulatore
1057 949 1241 1010 regnorum

193 1030 334 1096 Christo
355 1031 460 1096 ihesu
479 1032 516 1095 in
538 1031 679 1095 saecula
704 1029 937 1093 saeculorum!
991 1027 1165 1107 Quoniam
1188 1050 1242 1094 re·

192 1151 274 1215 gum
292 1132 461 1196 bonorum
480 1137 516 1194 et
536 1129 728 1214 principum
745 1130 914 1194 iustorum
934 1129 993 1210 qui
1015 1129 1187 1195 iusticiam
1207 1138 1243 1194 et

191 1231 459 1297 misericordiam
478 1231 514 1295 in
534 1230 655 1294 diebus
671 1230 744 1293 suis
766 1229 999 1293 custodientes
1016 1229 1080 1294 deo
1100 1230 1240 1311 placue-

191 1339 285 1408 runt,
311 1339 347 1396 et
373 1338 556 1415 propterea
586 1329 753 1395 foeliciter
781 1335 1027 1410 regnauerunt,
1055 1337 1090 1393 et
1120 1349 1240 1413 pacem

191 1433 285 1496 omni
300 1432 429 1515 populo
451 1450 514 1495 suo
537 1430 867 1512 multiplicauernnt,
884 1436 990 1511 atque
1009 1428 1126 1493 hostes
1145 1429 1241 1493 deui-

190 1538 324 1606 cerunt,
341 1551 473 1597 necnon
489 1538 524 1596 et
546 1530 731 1595 aecclesias
747 1529 802 1593 dei
823 1529 1034 1606 ditauerunt,
1048 1536 1084 1593 et
1103 1537 1241 1593 caetera

191 1631 355 1695 bonitatis
381 1651 487 1715 opera
515 1631 756 1712 impleuerant,
778 1630 917 1710 regibus
938 1629 1185 1712 posterioribus
1206 1637 1241 1693 et

191 1730 402 1815 principibus
427 1751 544 1795 eorum
568 1730 742 1813 sequenda
767 1736 849 1792 sunt
873 1730 1042 1812 exempla,
1068 1736 1107 1793 ut
1135 1730 1239 1793 etiam

191 1837 228 1895 et
247 1831 315 1912 ipsi
335 1831 502 1896 foeliciter
526 1850 681 1913 regnare,
705 1837 740 1894 et
761 1829 928 1912 populum
949 1830 985 1892 in
1009 1848 1094 1912 pace
1114 1829 1240 1910 guber-

193 1949 288 2008 nare,
313 1938 418 2014 atque
442 1931 559 1997 hostes
585 1949 799 2012 expugnare,
825 1936 861 1993 et
882 1930 973 2011 quod
997 1929 1153 1994 foelicius
1176 1937 1241 2006 est,

191 2037 272 2114 post
297 2032 424 2096 bonnm
444 2031 546 2095 finem
571 2031 735 2096 coelestia
756 2049 866 2110 regna
884 2037 1080 2095 mereantur
1101 2029 1240 2093 intrare.

192 2130 342 2196 Proinde
373 2150 439 2214 ego
456 2131 696 2208 AE’6elstanus,
727 2130 841 2211 gratia
864 2129 931 2204 dei,
954 2148 1017 2192 rex
1033 2126 1240 2209 Anglorum,

189 2232 334 2314 cupiens
357 2231 605 2297 haereditatem
632 2232 668 2295 in
690 2248 797 2312 regno
814 2228 943 2294 Christi
968 2235 1004 2291 et
1023 2228 1078 2292 dei
1102 2228 1240 2305 habere,

190 2331 385 2396 libertatem
421 2331 525 2397 uillae
562 2350 651 2414 quae
687 2330 820 2395 famoso
857 2327 994 2392 nomine
1036 2328 1079 2391 ab
1113 2325 1240 2409 Anglis

191 2431 347 2531 Dantun
362 2432 559 2516 appellatur
579 2450 670 2514 quae
691 2430 735 2494 ad
755 2429 870 2493 sedem
890 2428 1121 2510 episcopalem
1134 2427 1241 2492 Wen-

193 2540 296 2597 tanae
324 2533 512 2597 aecclesiae
535 2533 696 2615 pertinet,
710 2530 745 2593 in
762 2529 899 2593 nomine
918 2535 1059 2592 sanctae
1075 2528 1241 2592 trinitatis

189 2640 403 2716 sanctaeque
426 2633 574 2709 Mariae,
594 2650 726 2696 necnon
746 2636 782 2693 et
798 2631 978 2693 beatorum
1006 2628 1240 2710 apostolorum

193 2731 291 2797 Petri
310 2740 346 2797 et
368 2732 484 2810 Pauli,
501 2751 565 2816 pro
585 2731 819 2813 redemptione
841 2730 976 2792 animae
998 2748 1094 2792 meae
1119 2736 1154 2792 et
1177 2747 1240 2811 pro

191 2832 306 2898 salute
330 2834 482 2897 omnium
507 2832 660 2916 priorum
690 2849 810 2911 regum
836 2836 872 2893 et
890 2828 1096 2903 futurorum,
1115 2833 1151 2890 et
1177 2848 1239 2911 pro

192 2933 305 2997 tocius
333 2933 453 3016 populi
473 2931 662 3009 christiani,
684 2950 746 2995 seu
766 2929 916 2993 uiuentis
940 2929 996 2992 uel
1016 2927 1180 3005 defuncti,
1204 2928 1240 2990 in

192 3039 297 3116 gente
304 3031 510 3115 Anglorum,
519 3032 742 3097 deuotissime
759 3049 900 3105 renouo,
913 3035 1018 3110 atque
1031 3027 1068 3091 in
1083 3028 1241 3092 omnibus

191 3135 307 3211 rebus,
334 3132 470 3216 magnis
510 3139 545 3196 et
581 3132 735 3202 modicis,
776 3129 926 3204 stabilio,
954 3127 1241 3212 quemadmodum

193 3233 396 3318 Cyneuualh
418 3252 482 3298 rex
503 3251 605 3315 quem
626 3238 768 3296 sanctus
791 3230 953 3312 ByrinuS,
976 3228 1108 3311 primus
1130 3227 1242 3291 Saxo·

189 3354 274 3399 num
300 3335 495 3418 episeopus,
518 3333 721 3416 baptizauit,
738 3330 901 3406 institnit,
918 3335 954 3393 et
981 3328 1239 3407 corroborauit;

193 3435 356 3500 adiurans
369 3431 717 3518 per‘omuipotentem
734 3431 950 3493 maiestatem
972 3429 1027 3492 dei
1041 3435 1078 3495 et
1095 3428 1241 3509 gloriam

193 3542 230 3599 et
246 3534 529 3598 resurrectionem
551 3533 702 3597 omnium
730 3537 929 3594 sauctorum
952 3531 1035 3604 eius,
1062 3534 1101 3597 ut
1126 3527 1242 3590 nullus

192 3654 313 3716 regum
347 3641 409 3699 aut
441 3633 635 3716 principum
668 3631 877 3714 quibuslibet
910 3628 1120 3711 temporibus
1153 3625 1242 3689 hanc

194 3743 349 3800 nostram
374 3734 632 3799 renouationem
652 3738 851 3814 praesumat
868 3730 998 3794 uiolare
1026 3734 1088 3791 aut
1110 3734 1243 3790 mutare

193 3856 254 3901 seu
284 3833 466 3910 minorare,
489 3854 532 3898 ne
560 3833 649 3898 forte
676 3831 853 3915 suppliciis
880 3827 1097 3911 sempiternis
1121 3826 1244 3890 inferni

192 3936 268 4002 sine
291 3935 360 4000 fine
382 3934 599 4017 dampnetur.
653 3931 886 3997 Praetitulata
909 3948 991 3992 uero
1014 3926 1147 3991 telluris
1177 3926 1244 3990 cir·

193 4036 301 4102 unitio
318 4035 372 4100 his
389 4036 665 4117 circumgyratur
682 4032 859 4096 limitibus,
897 4029 960 4093 Dis
980 4027 1068 4111 synd
1083 4032 1131 4090 '6a
1149 4026 1244 4091 land-

193 4127 334 4221 gem‘c‘ro
361 4124 401 4202 to
425 4126 606 4200 Dfintfine.
660 4133 780 4197 AErest
804 4130 845 4195 os
864 4121 1003 4195 crawan
1029 4126 1174 4192 crundul
1202 4147 1246 4192 on

1071 4253 1084 4287 r
1099 4242 1115 4286 2
