2888 4890
450 394 623 444 cunnrnn
646 394 989 444 Anonosnxonrcnr.
1207 375 1250 440 97

194 551 348 618 minuere
384 555 617 637 temptauerit,
651 555 739 619 sciat
766 573 804 617 se
838 560 1036 636 separatum
1074 551 1248 617 consortio

195 652 363 717 bonorum
382 655 579 738 spirituum,
588 663 624 720 et
638 655 806 720 rationem
822 654 858 717 in
871 654 1048 719 tremendo
1060 653 1115 717 die
1131 651 1248 719 iudicii

195 770 314 816 coram
338 752 478 819 Christo
507 765 542 818 et
568 755 701 836 angelis
728 756 801 818 eius
824 755 1047 828 redditurum,
1076 753 1143 819 nisi
1166 761 1248 816 ante

196 852 466 918 satisfactionem
496 856 740 919 emendauerit.
805 854 943 936 Scripta
964 861 1017 918 est
1038 853 1123 917 haee
1146 851 1247 915 huius

196 950 392 1018 donationis
438 955 574 1018 cartula
622 974 712 1019 auno
757 954 948 1018 dominicae
998 953 1247 1018 incarnationis

197 1068 347 1118 ,necem
380 1054 567 1119 indictione
598 1075 681 1119 uero
715 1070 809 1119 .xr11.
836 1055 872 1118 in
904 1054 989 1118 nilla
1019 1053 1128 1134 regali
1158 1071 1247 1136 quae

197 1153 396 1218 nominatur
425 1154 581 1220 Wiltone
610 1174 725 1219 coram
756 1154 889 1218 idoneis
915 1153 1063 1219 testibus
1099 1172 1245 1235 quorum

198 1252 340 1317 nomina
362 1255 484 1319 subtus
500 1273 639 1318 annexa
655 1261 831 1318 notantur.

252 1352 291 1432 »1⁴
320 1353 396 1435 Ego
429 1354 652 1419 AE'6eluulfus
683 1374 747 1417 rex
774 1352 862 1419 hanc
889 1373 999 1417 meam
1027 1354 1246 1421 donationem

196 1471 302 1515 manu
320 1455 461 1535 propria
476 1474 554 1519 cum
570 1455 671 1536 signo
690 1461 832 1519 sanctae
857 1453 968 1519 crucis
991 1452 1120 1518 Christi
1143 1455 1246 1517 robo-

193 1551 304 1615 rando
328 1554 629 1636 confirmandoque
656 1555 855 1636 subscripsi.
912 1556 951 1636 ›1‹
983 1554 1060 1636 Ego
1092 1552 1246 1617 AElfstan

194 1651 379 1735 episcopus
396 1654 555 1718 consensi
572 1661 607 1718 et
621 1654 819 1737 subscripsi.
870 1654 910 1734 ›1‹
931 1652 1007 1735 Ego
1023 1651 1246 1717 AEdelbaldus

195 1751 269 1815 dux
283 1751 375 1816 filius
391 1754 483 1835 regis
498 1756 656 1818 consensi
671 1762 706 1819 et
722 1753 920 1836 subscripsi.
971 1755 1009 1834 ›1‹
1031 1752 1108 1835 Ego
1126 1752 1246 1818 AE'6el·

193 1858 275 1915 stan
290 1872 353 1916 rex
369 1851 435 1917 hoc
452 1855 670 1918 consentiens
688 1854 825 1936 signum
842 1853 954 1918 crucis
971 1853 1129 1935 imposui.

679 2170 761 2234 ML.

230 2311 541 2378 *AEDELUULF
565 2312 630 2376 OF
652 2310 870 2388 WESSEX,
893 2309 993 2396 April
1015 2310 1118 2388 caud,
1143 2310 1218 2376 854.

205 2498 209 2503 -
250 2456 289 2536 »1⁴
328 2454 534 2519 Rucnnnrn
554 2454 806 2536 imperpetuum
830 2451 968 2515 domino
994 2459 1113 2516 nostro
1140 2451 1243 2516 Ihesu

195 2553 335 2619 Christo
360 2574 496 2619 summo
518 2562 553 2618 et
574 2552 738 2617 ineffabili
761 2570 873 2614 rerum
897 2559 1051 2616 creatore
1079 2553 1244 2629 omnium,

194 2660 351 2737 tempora
384 2654 444 2737 qui
481 2673 544 2718 sua
576 2650 780 2717 multimoda
814 2650 997 2733 disponens
1031 2651 1244 2734 temporibus

192 2755 350 2838 potentia
374 2761 415 2819 ut
444 2754 594 2818 uoluerit
616 2753 717 2817 finem
747 2751 912 2832 imponet,
935 2757 971 2814 et
995 2750 1060 2813 hac
1083 2752 1157 2815 uita
1183 2751 1243 2815 de-

194 2855 354 2937 gentibus
384 2854 516 2919 cunctis
545 2861 676 2918 certum
707 2858 746 2914 ut
774 2857 1000 2933 proposuerat
1023 2850 1153 2913 dierum
1176 2859 1244 2915 ter-

194 2956 323 3019 minum
354 2955 563 3033 constituet3
600 2954 725 3016 iccirco
755 2951 889 3014 cunctis
919 2950 1090 3031 agendum
1120 2957 1159 3013 ut
1188 2951 1243 3015 hic

195 3057 295 3121 bonis
323 3056 458 3121 actibus
489 3054 625 3118 futurae
656 3051 881 3116 beatitudinis
912 3050 1134 3114 foelicitatem
1164 3070 1242 3132 per-

193 3157 380 3239 petualiter
426 3153 569 3236 adipisci
613 3152 828 3216 mereantur!
905 3148 1127 3233 Quapropter
1177 3170 1242 3232 ego

195 3255 360 3322 AEoelwlf
378 3255 493 3338 gratia
519 3253 573 3317 dei
606 3249 879 3316 Occidentalium
908 3248 1085 3313 Saxonum
1114 3269 1176 3313 rex
1205 3251 1241 3313 in

192 3367 313 3421 sancta
328 3374 369 3420 ac
383 3352 604 3418 celeberrima
621 3351 777 3435 paschali
792 3348 1046 3432 sollempnitate
1063 3369 1127 3433 pro
1146 3370 1243 3414 meae

192 3457 341 3521 remedio
370 3454 506 3519 animae
534 3460 569 3517 et
599 3453 698 3534 regni
729 3451 957 3534 prosperitate
987 3457 1022 3514 et
1048 3449 1168 3532 populi
1198 3451 1242 3514 ab

193 3555 419 3639 omnipotenti
437 3553 502 3616 deo
521 3552 625 3616 michi
649 3552 778 3626 collati,
799 3550 978 3614 consilium
1003 3549 1141 3613 salubre
1163 3569 1240 3613 cum

192 3656 375 3741 episcopis,
390 3655 586 3728 comitibus,
602 3652 802 3732 cunctisque
820 3649 1043 3731 optimatibus
1062 3650 1159 3725 meis,
1176 3669 1241 3730 ego

192 3756 367 3821 humiliter
391 3773 455 3837 pro
477 3771 594 3817 amore
616 3752 670 3814 dei
692 3748 831 3832 perfeci,
854 3756 894 3813 ut
915 3748 1081 3812 decimam
1107 3757 1240 3830 partem

190 3867 359 3924 terrarum
378 3873 440 3937 per
460 3871 604 3934 regnum
624 3857 779 3914 nostrum
797 3869 867 3912 non
886 3849 995 3913 solum
1018 3849 1147 3911 sanctis
1167 3867 1241 3912 aec-

191 3958 305 4024 clesiis
317 3954 450 4030 darem,
456 3952 681 4016 uerumetiam
692 3956 728 4012 et
739 3948 904 4012 ministris
920 3947 1048 4012 nostris
1063 3947 1099 4011 in
1112 3947 1238 4013 eisdem

190 4055 389 4126 constitutis
404 4053 441 4116 in
473 4058 676 4136 perpetuam
705 4049 899 4112 libertatem
921 4046 1048 4111 habere
1069 4048 1239 4111 concessi-

191 4132 349 4236 muaj‘ia
363 4160 404 4218 ut
417 4153 498 4216 talis
522 4151 664 4216 donatio
686 4149 758 4213 fixa
781 4146 1138 4230 incommutabilisque
1162 4168 1239 4231 per·

241 4274 328 4326 ΤΟΜ.
347 4271 381 4318 V.
1064 4264 1089 4308 H
