2888 4890
459 403 633 452 curaris
656 403 999 452 lucrosuxourcrn.
1183 390 1248 454 357

191 559 288 623 illum
312 568 494 625 conseruet
522 559 577 623 hic
602 568 641 624 et
666 561 702 623 in
729 561 869 636 suturo;
895 563 1127 627 destruiturus
1153 583 1247 640 uero,

191 660 284 742 quod
303 662 405 736 absit,
422 661 670 743 praecipitetur
687 662 722 724 in
742 661 866 744 Cocyti
887 662 1023 744 palude.

246 760 375 825 Rubrio.
405 759 466 824 Dis
483 761 514 824 is
528 751 616 825 rara
635 777 707 824 cru.
726 753 821 854 hyda
837 753 903 826 boc
920 770 966 827 aet
981 761 1182 826 Alresforda
1202 769 1248 828 ’ee

194 849 340 943 Eddwig
364 861 467 943 cynig
496 849 694 942 gaebdcodae
719 852 866 926 AEltrice
893 863 946 926 his
972 867 1089 948 paegne
1116 882 1161 927 ou
1186 855 1247 928 cce

194 961 288 1042 yrsae.

642 1254 798 1326 noxe.

564 1375 784 1511 ninum,
806 1412 882 1478 956.

248 1561 287 1641 ›1‹
311 1559 515 1623 Rucuuu'rn
542 1559 578 1622 in
605 1568 807 1642 perpetuum
833 1560 971 1638 domino
998 1569 1116 1625 nostro
1140 1560 1244 1625 lhesu

196 1659 358 1725 Christo!
410 1659 537 1723 Sacrae
564 1666 680 1724 autem
714 1661 906 1742 scripturae
934 1668 970 1725 et
998 1660 1135 1725 aedicta
1164 1660 1245 1726 iona

194 1759 442 1825 catholicorum
460 1767 598 1843 patrum
616 1780 679 1824 nos
696 1761 883 1825 admonent
900 1769 940 1825 ut
956 1780 1123 1824 memores
1138 1762 1245 1826 simus

195 1860 473 1942 quandoquidem
504 1861 714 1925 transeuntis
742 1861 859 1924 mundi
884 1856 1087 1924 uicissitudo
1119 1861 1245 1926 cotidie

194 1980 256 2043 per
292 1960 502 2024 incrementa
538 1959 731 2045 temporum
767 1961 952 2026 crescendo
992 1960 1173 2039 decrescit,
1210 1956 1246 2026 et

196 2060 395 2143 ampliando
435 2062 611 2138 minuitur,
653 2060 1014 2142 crebrescentibusque
1056 2061 1244 2142 repentinis

195 2162 370 2226 uariorum
386 2160 584 2226 incursuum
608 2162 714 2225 ruinis
729 2162 863 2225 uicinus
885 2160 962 2224 finis
978 2160 1146 2224 terminus
1168 2180 1244 2225 esse

195 2262 330 2326 cunctis
354 2261 390 2325 in
412 2263 569 2344 proximo
593 2262 766 2340 cernitur;
792 2261 920 2325 idcirco
937 2260 1039 2324 uanis
1060 2280 1101 2324 ac
1118 2263 1245 2326 transi·

195 2361 322 2425 bilibus
345 2362 447 2425 rebus
472 2380 634 2426 mansura
657 2361 818 2424 coelestis
836 2362 970 2443 patriae
987 2361 1139 2444 praemia
1155 2381 1243 2425 mer·

196 2462 307 2525 canda
330 2467 421 2525 sunt.
481 2461 704 2544 Quapropter
721 2481 786 2542 ego
803 2461 950 2542 Eadwig
970 2481 1034 2525 rex
1051 2460 1244 2543 Anglorum

196 2569 478 2643 caeterarumque
504 2561 658 2643 gentium
676 2562 873 2625 incircuitu
899 2561 1153 2644 persistentium
1180 2581 1244 2642 gu·

196 2663 358 2726 bernator
381 2669 417 2725 et
437 2671 562 2739 rector,
587 2661 723 2725 cuidam
752 2681 828 2725 meo
850 2661 941 2725 fideli
967 2653 1124 2725 ministro
1152 2663 1245 2725 uoci·

196 2769 271 2826 tato
288 2761 426 2826 nomine
444 2762 603 2839 Eadrico,
621 2762 790 2825 modicam
820 2769 954 2844 partem
982 2769 1106 2836 terrae,
1131 2761 1163 2824 id
1191 2770 1245 2826 est

197 2879 242 2928 m.
260 2881 398 2927 mansus
422 2862 584 2938 concedo,
601 2858 645 2925 in'
659 2862 719 2926 illo
744 2862 821 2926 loco
848 2862 906 2925 ubi
931 2860 1100 2925 ruricolae
1126 2862 1245 2943 appel·

195 2963 306 3027 latiuo
328 2982 392 3026 usu
413 2961 677 3045 ludibundisque
701 2962 876 3025 uocabulis
900 2950 1031 3025 nomen>
1048 2959 1246 3026 indiderunt

198 3070 244 3126 aet
261 3062 399 3139 Meone,
414 3061 577 3145 quatinus
605 3062 662 3126 ille
687 3064 774 3126 bene
798 3061 995 3144 perfruatur
1017 3080 1058 3124 ac
1085 3062 1245 3144 perpetu-

197 3162 298 3227 aliter
307 3162 493 3245 possideat,
505 3164 585 3227 dum
603 3162 705 3226 huius
721 3162 871 3226 labentis
892 3163 968 3226 aeui
983 3180 1121 3225 cursum
1136 3170 1247 3226 trans·

195 3271 255 3326 cat
286 3264 438 3327 inlaesus
476 3272 582 3347 atque
624 3263 742 3327 uitalis
780 3263 921 3346 spiritus
960 3254 1246 3345 incorruptibili

196 3381 300 3427 carne
317 3363 514 3443 inhaereat;
538 3371 574 3427 et
588 3373 667 3445 post
680 3383 718 3426 se
730 3365 933 3445 cuicumque
948 3363 1096 3427 uoluerit
1108 3362 1246 3429 haeredi

197 3462 423 3545 derelinquat,
450 3463 552 3527 sicuti
575 3463 822 3546 praediximus,
838 3464 885 3529 in
914 3472 1090 3526 aeternam
1126 3462 1246 3527 haere-

191 3563 351 3630 ditatem.
404 3564 457 3628 Sit
473 3572 589 3628 autern
612 3563 826 3646 praedictum
849 3583 908 3626 rus
929 3562 1074 3626 liberum
1090 3563 1134 3625 ab
1152 3563 1245 3626 omni

196 3664 361 3728 mundiali
378 3665 557 3728 obstaculo
572 3683 649 3727 cum
665 3664 824 3728 omnibus
841 3682 931 3744 quae
946 3662 989 3725 ad
1004 3661 1116 3744 ipsum
1132 3662 1245 3725 locum

196 3765 367 3847 pertinere
385 3765 622 3841 dinoscuntur,
632 3771 703 3828 tam
722 3763 757 3826 in
780 3763 915 3844 magnis
928 3767 1033 3844 'quam
1050 3761 1086 3823 in
1103 3761 1246 3853 modicis

197 3865 311 3940 rebus,
338 3866 481 3948 campis,
511 3865 633 3947 pratis,
663 3865 811 3947 pascuis,
839 3862 953 3944 siluis,
991 3868 1139 3943 excepto
1170 3863 1246 3926 istis

196 3966 319 4043 tribus,
356 3965 589 4048 expeditione,
621 3965 737 4047 pontis
768 3963 936 4044 arcis[ue]
978 3963 1243 4027 constructione.

198 4065 302 4129 Hanc
318 4085 402 4129 uero
424 4086 536 4130 meam
558 4065 790 4141 donatiouem,
808 4062 900 4146 quod
918 4069 1001 4145 opto
1019 4061 1110 4125 absit
1128 4061 1247 4126 a'fide'·

194 4166 277 4230 lium
302 4167 489 4244 mentibus
519 4165 752 4230 minuentibus
781 4171 886 4247 atque
911 4162 1159 4243 frangentibus
1185 4162 1247 4228 fiat
