2888 4890
460 357 631 406 curares
654 357 997 408 ancnosrxonrcas.
1216 347 1260 409 55

205 511 282 575 ibus
311 513 425 589 rebus,
457 513 600 594 campis,
629 513 738 589 siluis,
763 513 968 594 pascuariis,
998 514 1165 596 aucupiis.
1217 516 1254 579 Si

205 611 282 693 quis
299 611 388 676 hanc
411 612 632 676 donationem
656 632 783 694 augere
806 620 841 677 et
859 612 1069 695 amplificare
1092 615 1254 692 uoluerit,

203 720 332 792 augeat
365 712 450 775 deus
483 719 617 794 partem
648 731 746 776 suam
779 712 816 775 in
850 713 938 777 libro
972 714 1085 788 uitae;
1113 715 1143 778 si
1176 716 1254 798 quis

203 808 291 875 hanc
318 810 538 875 donationem
564 812 749 893 infringere
783 817 844 874 aut
872 813 1025 876 minuere
1056 833 1162 877 ausus
1193 815 1251 891 sit,

202 910 291 973 sciat
317 930 355 974 se
378 911 415 973 in
438 912 613 975 tremendo
640 913 694 975 die
716 911 833 975 iudicii
850 913 1016 976 rationem
1040 912 1251 976 redditurum

203 1028 318 1073 coram
347 1009 411 1074 deo
429 1018 463 1074 et
481 1012 613 1093 angelis
635 1012 720 1075 eius.
787 1010 904 1074 Huius
927 1010 1123 1075 donationis
1146 1020 1252 1077 testes

202 1108 341 1173 fuerant
355 1110 403 1173 hii
421 1131 567 1193 quorum
584 1113 723 1175 nomina
739 1110 830 1174 infra
846 1117 1023 1174 notantur.

255 1210 296 1290 ›1‹
316 1208 363 1272 Et
380 1229 446 1292 ego
462 1208 598 1274 Aldwlf
609 1212 694 1288 dux,
715 1212 775 1293 qui
792 1211 930 1286 donaui,
954 1211 1087 1291 signum
1110 1219 1251 1276 sanctae

201 1310 313 1372 crucis
328 1309 437 1373 infixi.
495 1311 533 1391 ›1‹
553 1311 629 1392 Ego
646 1310 1024 1392 Gislebere'episcopus
1041 1313 1198 1375 consensi
1215 1320 1251 1375 et

200 1408 399 1491 subscripsi.
461 1411 500 1491 ›1‹
533 1410 608 1491 Ego
628 1410 817 1488 Gidheard,
845 1409 1025 1487 Hunreed,
1059 1411 1250 1488 Burchard,

201 1507 378 1582 Beornulf,
404 1508 477 1572 Osa
507 1510 546 1590 ›1‹
578 1530 695 1574 omnes
727 1511 785 1574 isti
818 1510 1069 1574 consentientes
1101 1511 1249 1592 scripse·

199 1614 291 1671 runt.
345 1608 421 1691 Ego
439 1609 518 1673 Offa
539 1629 602 1673 rex
618 1610 827 1673 Merciorum
851 1609 939 1673 banc
962 1616 1089 1673 terram
1117 1611 1248 1676 siluati-

199 1725 273 1769 cam
293 1708 395 1770 trium
412 1709 685 1787 tributariorum,
702 1709 889 1773 secundum
912 1708 1112 1791 petitionem
1124 1710 1247 1775 Weht·

198 1808 259 1868 uni
288 1809 452 1890 episcopi,
477 1809 577 1890 signo
605 1816 746 1873 sanctae
775 1809 885 1872 crucis
914 1809 1079 1873 confirmo
1108 1818 1144 1872 et
1169 1813 1248 1874 sub-

197 1907 372 1989 scriboffl
401 1909 444 1971 ad
471 1908 672 1972 aecclesiam
702 1907 813 1971 sancti
840 1907 937 1970 Petri
966 1909 1126 1990 apostoli,
1155 1911 1246 1974 sicut

196 2009 494 2086 praenominatum
521 2015 582 2072 est.
621 2000 624 2006 ’
652 2008 729 2087 Ego
750 2006 906 2070 Ealdsrid
934 2027 997 2070 rex
1032 2010 1190 2072 consensi
1213 2018 1248 2074 et

197 2106 397 2188 subscripsi.

635 2320 810 2385 MXVII.

361 2472 382 2513 *
397 2443 667 2535 conanum
691 2470 755 2533 or
778 2469 987 2548 munem,
1009 2472 1085 2537 797.

251 2605 290 2685 ›1‹
314 2604 520 2669 RnoNnan
545 2605 581 2666 in
604 2609 808 2686 perpetuum
834 2604 970 2667 domino
998 2611 1117 2668 nostro
1141 2603 1245 2669 Ihesu

196 2702 335 2768 Christo
362 2705 513 2768 omnium
541 2724 724 2785 regnorum
757 2703 913 2767 domino!
983 2704 1060 2785 Ego
1089 2704 1252 2769 Cenwulf

195 2822 257 2865 rex
276 2803 484 2868 Merciorum
515 2811 700 2887 postquam
727 2804 855 2866 electus
883 2823 958 2866 sum
987 2804 1023 2866 in
1047 2824 1162 2886 regem
1185 2825 1247 2886 per

194 2901 591 2987 deumomnipotentem,
603 2904 662 2985 qui
680 2911 734 2966 est
750 2903 901 2967 omnium
917 2904 1085 2967 bonorum
1100 2904 1245 2984 largitor

195 3011 229 3065 et
250 3005 449 3081 retributor,
467 3004 556 3067 banc
586 3004 813 3084 subscriptam
841 3002 1034 3066 libertatem
1061 3022 1083 3066 a
1106 3003 1244 3068 domino

195 3101 311 3166 Leone
329 3104 519 3185 apostolico
549 3123 641 3186 papa
668 3102 840 3184 adquisiui
867 3102 1029 3166 Kinelmo
1052 3110 1086 3167 et
1108 3123 1244 3167 succes-

193 3202 328 3266 soribus
349 3204 437 3283 suis3
466 3212 501 3268 et
518 3204 609 3267 sicut
626 3202 769 3266 eandem
787 3202 980 3299 libertatem
999 3202 1163 3283 ngridus
1180 3223 1243 3267 rex

193 3308 390 3366 antecessor
411 3323 508 3367 meus
535 3304 566 3366 ei
597 3303 740 3367 firmiter
771 3301 992 3379 condonarit,
1026 3302 1078 3365 ita
1105 3323 1243 3385 quoque

192 3421 258 3482 ego
285 3402 316 3465 ei
342 3402 472 3485 scripto
495 3403 660 3466 confirmo
684 3422 762 3465 cum
786 3402 929 3466 consilio
957 3409 992 3465 et
1008 3402 1149 3465 licentia
1174 3409 1242 3466 ter·
1292 3408 1293 3412 ’

192 3520 351 3565 renorum
381 3503 573 3585 principum
604 3521 749 3584 quorum
780 3501 922 3565 iuferius
947 3503 1086 3566 nomina
1112 3502 1243 3583 scripta

192 3607 285 3677 sunt,
303 3608 338 3665 et
353 3603 385 3665 ei
402 3603 475 3665 sine
498 3601 569 3664 ullo
593 3601 771 3665 mendacio
787 3609 849 3664 aut
864 3601 943 3665 dolo
956 3600 1086 3682 largior
1100 3601 1243 3665 firmiter

190 3700 391 3764 babendum.
442 3701 541 3765 Haec
559 3700 774 3765 confirmatio
791 3700 931 3765 Cenwlfi
951 3708 986 3764 et
1001 3701 1241 3783 episcoporum

191 3802 266 3864 eius
283 3810 318 3864 et
334 3801 527 3883 principum
550 3802 613 3865 suit
634 3802 822 3865 constituta
845 3807 880 3864 et
897 3801 1027 3882 scripta
1047 3802 1082 3862 in
1100 3820 1242 3864 uenera-

190 3900 250 3963 bili
269 3900 345 3964 loco
371 3902 431 3983 qui
454 3902 579 3965 dieitur
596 3900 879 3982 Glastingebirig,
897 3920 986 3964 anno
1004 3901 1241 3980 ‚nco.[xc]vu.

190 4001 436 4065 incarnationis
464 4002 603 4078 domini,
629 4002 778 4066 secundo
809 4020 899 4064 anno
931 4001 1029 4082 regni
1057 4000 1122 4063 mci
1150 4002 1243 4083 quod

190 4099 273 4163 mibi
291 4101 375 4165 deus
392 4103 573 4166 concessit.
