2888 4890
461 342 632 390 crrnnrnn
655 343 1001 392 nncnosnxonienn.
1208 327 1252 391 213

195 497 287 560 orbis
315 505 483 564 terrarum
509 507 544 564 et
570 499 752 583 praecipue
773 500 874 564 iuxta
897 500 1053 563 diuinum
1074 500 1249 564 oraculum

195 616 294 680 reges
322 599 513 664 insularum
540 600 726 664 multarum
755 600 902 665 adorant
929 609 964 664 et
992 601 1112 664 colunt
1136 599 1249 682 ipsum

196 696 336 762 Ihesum
355 700 531 766 Christum
557 701 696 765 unicum
719 700 895 764 dominum
924 709 960 765 et
985 720 1101 782 regem
1127 719 1247 773 suum;

194 799 284 863 unde
313 801 418 865 etiam
448 809 606 866 sanctum
635 820 759 865 nomen
789 801 863 864 eius
893 800 1077 883 specialius
1108 800 1247 864 benedi-

195 899 314 977 cimus,
347 900 438 983 qnod
473 921 537 966 uos
569 901 894 984 praecellentissime
928 901 976 964 fili
1010 921 1088 965 cum
1121 900 1247 965 uestris

193 999 271 1081 piae
298 1002 481 1066 memoriae
510 1001 675 1066 fratribus
698 1021 767 1065 non
789 1001 901 1064 solum
926 1001 1116 1084 dampnosa
1133 1001 1248 1083 sculp-

193 1100 269 1164 tilia
296 1100 554 1166 daemoniorum
591 1122 669 1166 cum
700 1102 854 1185 paternis
884 1103 1057 1165 erroribus
1087 1101 1249 1165 extermi-

194 1207 329 1279 nanteS,
345 1222 466 1266 uerum
490 1203 699 1266 saluatorem
725 1202 918 1283 agnouistis
942 1209 977 1266 et
1000 1221 1103 1266 uerae
1122 1200 1246 1265 diuini-

194 1301 277 1364 tatis
304 1301 416 1367 effecti
445 1304 530 1368 estis
559 1302 720 1380 cultores,
743 1303 969 1366 uerumetiam
992 1302 1035 1366 ad
1061 1302 1247 1366 uertendos

193 1402 367 1467 subiectos
392 1403 492 1467 uobis
515 1422 614 1485 reges
639 1411 675 1468 et
692 1403 839 1486 populos
864 1401 944 1466 fidei
970 1403 1085 1468 balteo
1104 1409 1143 1466 ut
1165 1403 1247 1466 boni

194 1502 342 1567 ministri
359 1502 489 1568 Christi
512 1523 575 1567 uos
598 1503 822 1583 accinxistis3
854 1522 1000 1584 cumque
1017 1504 1052 1566 iu
1071 1502 1247 1568 aecclesiis

126 1593 127 1596 '
194 1610 230 1666 et
271 1604 482 1686 baptisteriis
519 1603 719 1668 extruendis
751 1604 876 1686 quibus
905 1603 1054 1686 populus
1096 1603 1249 1686 adquisi-

193 1703 298 1767 tionis
315 1704 371 1768 dei
382 1704 641 1788 multiplicetur,
657 1703 781 1767 deuote
799 1704 1074 1781 laboretis,banc
1091 1704 1248 1769 caritatis

194 1810 331 1868 uestrae
353 1794 572 1886 flagrantiam
600 1804 804 1868 familiarius
825 1804 1075 1886 amplectimur,
1093 1804 1185 1887 quod
1203 1804 1247 1868 de

193 1904 362 1970 aecclesia
375 1906 468 1970 beati
484 1904 581 1969 Petri
598 1924 702 1987 quarn
720 1924 741 1968 a
763 1904 827 1968 deo
845 1905 1054 1987 primitiuam
1071 1906 1246 1968 abbatiam

192 2007 340 2070 censetis
366 2006 401 2070 in
423 2006 564 2087 regione
589 2005 697 2069 uestri
718 2005 865 2088 imperii,
888 2024 976 2087 quae
1004 2013 1057 2069 est
1081 2005 1246 2069 Mediter-

192 2125 373 2171 raneorum
397 2104 603 2187 Anglorum,
626 2105 661 2169 iu
689 2105 766 2170 loco
800 2107 859 2188 qui
883 2105 1080 2188 appellatur
1106 2105 1245 2169 Modes-

193 2205 369 2271 bamstede
394 2206 619 2289 praeclaram,
639 2213 710 2271 tam
734 2206 903 2270 beneuola
926 2214 1009 2270 uota
1033 2205 1133 2270 nobis
1150 2207 1247 2286 regia

191 2306 323 2371 scilicet
360 2307 534 2389 legatione
568 2307 824 2371 mandaueritis.
893 2305 999 2370 Hauc
1033 2306 1172 2388 quippe,
1207 2315 1248 2371 ut

191 2407 389 2489 perhibetis,
414 2417 650 2472 antecessores
676 2407 785 2470 uestri
811 2414 846 2471 et
875 2406 1000 2471 fratres
1031 2405 1245 2469 christianis·

191 2506 269 2572 simi
303 2528 365 2590 per
402 2508 632 2572 uenerabilem
668 2508 793 2584 uirum,
815 2526 924 2588 nuper
959 2506 1120 2570 abbatem
1157 2526 1247 2571 nunc

191 2608 416 2686 sacerdotem,
442 2607 625 2673 Saxulfum
656 2607 820 2688 regaliter
850 2606 1032 2670 condidere
1064 2612 1099 2669 et
1130 2625 1247 2670 amore

190 2708 284 2772 beati
313 2709 410 2774 Petri
441 2709 625 2792 praecipue
653 2708 802 2785 coluere,
834 2706 923 2770 hanc
957 2707 1054 2788 regia
1084 2706 1246 2788 largitate

191 2828 322 2874 necnon
356 2817 391 2874 et
418 2809 577 2874 libertate
605 2809 702 2891 regia
730 2828 806 2872 cum
829 2807 1000 2889 priuilegii
1024 2806 1245 2889 description·

190 2910 268 2973 ibus
296 2910 480 2992 gloriosius
505 2908 681 2988 extulere,
711 2908 801 2972 hanc
829 2915 864 2971 et
887 2927 950 2971 uos
979 2907 1160 2971 clarissimi
1184 2907 1245 2971 filii

191 3030 259 3074 non
288 3011 413 3075 minori
439 3009 574 3074 feruore
597 3008 724 3090 regalis
747 3008 936 3072 industriae
959 3007 1067 3071 uultis
1085 3007 1246 3073 Romana

191 3119 227 3175 et
243 3111 435 3193 apostolica
461 3111 669 3174 auctoritate
696 3116 818 3172 contra
845 3127 964 3172 omnes
991 3108 1140 3190 impetus
1166 3129 1245 3191 pro-

191 3211 309 3275 cellosi
335 3210 453 3274 mundi
472 3217 639 3293 perpetuo
662 3210 799 3287 muniri,
816 3209 920 3271 immo
938 3216 973 3272 et
990 3208 1059 3271 iam
1076 3215 1243 3290 quantum

191 3312 296 3376 estin
313 3313 414 3375 uobis
435 3316 597 3393 prompta
615 3306 723 3374 ues'tri
741 3309 982 3373 beneuolentia
998 3307 1192 3373 Romanam
1210 3317 1246 3373 et

191 3412 416 3495 apostolicam
445 3406 521 3475 eam
548 3410 674 3487 facere,
701 3410 760 3473 ubi
785 3412 924 3474 beatum
955 3407 1111 3486 Petrum,
1144 3410 1245 3473 nobis

191 3513 328 3595 quidem
346 3531 499 3595 corpore,
508 3511 608 3576 uobis
631 3531 715 3575 uero
730 3511 866 3593 spiritu,
878 3528 1013 3592 semper
1028 3517 1244 3592 praesentem

191 3613 408 3696 possideatis
433 3612 492 3676 ubi
524 3620 559 3676 et
591 3631 612 3675 a
641 3610 741 3675 uobis
773 3619 808 3674 et
838 3617 958 3674 atoto
988 3629 1095 3691 regno
1127 3615 1244 3673 uestro

191 3734 232 3779 ac
254 3715 284 3779 si
302 3713 436 3778 Romae
458 3713 656 3795 requiratur
682 3719 718 3775 et
742 3711 808 3793 piis
835 3718 1018 3774 ueneretur
1044 3708 1135 3773 uotis
1161 3708 1245 3773 fide·

145 3806 148 3812 ⁴
190 3815 284 3879 lium.
323 3812 480 3897 Apparet
493 3813 654 3876 nimirum
673 3831 736 3876 uos
754 3830 828 3874 esse
845 3811 1002 3875 intimum
1018 3808 1126 3873 filium
1142 3808 1244 3872 huius

190 3936 279 3998 quae
303 3914 410 3980 totius
436 3913 529 3978 orbis
554 3918 664 3976 mater
685 3919 739 3976 est
763 3911 962 3994 principalis
988 3909 1244 3987 aecclesiarum,

190 4024 225 4080 et
241 4018 369 4100 'ipsum
405 4015 478 4078 eius
517 4012 725 4096 praesidium
764 4011 925 4076 affectare
964 4017 1148 4092 patronum
1185 4010 1245 4092 qui

189 4116 354 4200 clauigeri
397 4121 570 4198 potestate
607 4114 705 4178 uobis
742 4113 876 4196 aperiat
910 4129 1018 4192 regna
1057 4111 1240 4175 coelorum.
