2888 4890
189 361 233 426 38
451 376 623 425 cunnnnn
647 374 990 422 nncnosnxomcnn.

193 536 305 617 magis
332 543 448 599 autem
477 535 567 598 sicut
597 535 632 597 in
659 534 848 598 canonibus
876 534 1087 616 praecipitur
1107 552 1248 597 seruan-

193 637 274 700 dum
304 643 370 712 est,
397 644 436 699 ut
462 634 600 717 quando
631 635 757 717 aliquis
788 634 831 698 de
856 634 1021 717 praelatis
1051 634 1251 716 defungitur

194 738 390 819 episcopus,
420 735 526 799 abbas
558 735 614 798 uel
651 735 838 811 abbatissa,
871 735 1048 800 intimetur
1084 735 1253 818 archiepi-

194 856 300 920 scopo
317 836 476 919 propriae
493 835 675 918 parochiae
693 842 820 900 etcum
848 835 921 898 cius
944 835 1087 899 consilio
1111 842 1147 899 et
1168 855 1252 899 con-

194 957 297 1001 sensu
325 937 400 1000 uita
430 955 471 1000 ac
507 936 677 1000 munditia
705 937 779 999 eius
813 936 1013 1000 examinata
1038 935 1098 1019 qni
1126 936 1253 1016 dignus

196 1036 371 1101 inuenitur
407 1037 566 1119 eligatur,
600 1044 635 1101 et
662 1036 758 1101 nullo
791 1036 893 1100 modo
923 1036 997 1100 sine
1024 1054 1194 1099 consensu
1217 1043 1255 1100 ct

195 1137 355 1202 consultu
374 1136 623 1220 archiepiscopi
644 1144 901 1220 promoneatur.
958 1136 1083 1219 Neque
1099 1137 1188 1199 enim
1209 1136 1253 1200 de

195 1239 260 1302 hac
293 1258 329 1301 re
358 1238 488 1320 aliquid
521 1237 669 1320 pertinet
706 1237 750 1300 ad
782 1237 955 1301 decretum
988 1237 1046 1300 uel
1071 1236 1252 1319 imperium

196 1340 297 1421 regis.
362 1338 463 1402 Illius
495 1344 609 1401 autem
643 1346 696 1402 est
725 1337 878 1414 comitae,
910 1337 1027 1415 duces
1054 1337 1254 1420 optimates,

195 1439 380 1522 principeS,
419 1437 624 1521 praefectos,
673 1437 803 1502 iudices
833 1439 1040 1515 saeculares,
1073 1444 1251 1518 statuere3

196 1539 454 1622 metropolitani
486 1558 569 1602 uero
606 1545 659 1602 est
693 1538 942 1621 archicpiscopi
972 1537 1159 1603 aecclesias
1196 1537 1253 1601 dci

197 1639 342 1722 replere,
381 1640 583 1721 gubernare,
622 1638 814 1721 episcopos,
854 1640 1009 1717 abbates,
1045 1639 1254 1715 abbatissas,

197 1748 421 1822 caeterosque
442 1740 616 1823 praelatos
633 1738 770 1822 eligere,
789 1745 954 1817 statuere,
970 1740 1118 1816 firmare,
1133 1738 1254 1803 admo·

198 1859 291 1917 nere,
309 1840 446 1923 nequis
473 1839 515 1902 de
543 1840 666 1904 ouibus
682 1838 822 1917 christi,
847 1840 979 1904 scilicet
1008 1839 1139 1903 aeterni
1170 1857 1252 1921 pas·

199 1940 296 2016 toris,
314 1940 460 2004 aberret.
501 1939 601 2003 Haec
617 1940 675 2003 lex
692 1959 754 2022 per
769 1959 891 2004 aeuum
907 1939 942 2003 in
959 1959 1065 2022 regno
1084 1945 1203 2004 nostro
1218 1939 1256 2002 in

198 2046 402 2123 perpetuum
429 2047 641 2122 permaneat,
656 2041 826 2130 'omnibus
857 2041 1034 2105 aecclesiis
1061 2040 1116 2104 dei
1145 2040 1256 2103 nostrl

199 2160 263 2224 pro
289 2141 402 2205 salute
419 2141 554 2204 animae
577 2159 674 2204 meae
697 2160 918 2224 meorumque
942 2141 1256 2224 praedecessorum,

200 2261 330 2324 proque
366 2259 427 2323 spe
457 2241 616 2304 coelestis
642 2241 752 2322 regni.
821 2240 937 2322 Igitur
962 2260 1006 2304 ex
1034 2241 1099 2304 hac
1134 2241 1189 2304 die
1219 2249 1258 2304 et

200 2341 360 2424 deinceps
376 2341 594 2404 concedimus
610 2347 645 2404 et
658 2340 825 2405 donamus
840 2340 1016 2405 aecclesiis
1033 2340 1130 2422 regni
1145 2341 1257 2405 nostri

200 2441 325 2505 liberas
353 2459 429 2505 esse
446 2449 614 2524 perpetua
637 2440 797 2506 libertate
824 2441 868 2504 ab
893 2442 1051 2505 omnibus
1073 2439 1256 2505 difficulta-

200 2542 293 2605 tibus
310 2540 496 2606 saecnlaris
515 2541 703 2619 seruitutis,
718 2542 762 2605 ab
779 2542 872 2606 omni
889 2541 1005 2607 debito
1028 2542 1084 2605 uel
1098 2540 1255 2624 pulsione

200 2642 368 2724 regalium
386 2642 604 2719 tributorum,
626 2648 666 2705 ut
691 2641 826 2725 possint
851 2662 914 2725 pro
941 2643 1039 2706 nobis
1061 2642 1126 2707 deo
1148 2641 1257 2705 omni-

200 2743 334 2824 potenti
360 2741 492 2805 hostias
520 2742 642 2824 dignas
670 2742 791 2807 offerre
805 2750 1005 2825 *nostraque
1027 2749 1170 2825 peccata
1193 2743 1255 2806 ab·

201 2842 295 2906 luere
329 2841 559 2905 immaculatis
591 2843 799 2906 muneribus.
867 2842 905 2906 Si
938 2843 1015 2926 quis
1048 2851 1162 2907 autem
1191 2862 1255 2906 rex

201 2949 281 3024 post
301 2961 364 3005 nos
384 2942 519 3004 leuatus
536 2943 572 3004 in
596 2961 750 3024 regnum,
767 2951 830 3006 aut
845 2943 1039 3026 episcopus,
1057 2952 1118 3008 aut
1136 2943 1256 3018 abbas,

199 3061 260 3105 seu
279 3042 397 3123 aliqua
413 3041 482 3105 alia
498 3062 646 3125 persona
659 3042 907 3107 contradixerit
921 3043 1001 3108 hnic
1024 3043 1181 3119 concilio,
1199 3043 1256 3106 uel

200 3143 330 3225 scripto
358 3142 485 3207 iudicio
517 3143 653 3208 concilii
681 3143 786 3221 facto,
816 3144 905 3208 sciat
932 3164 970 3207 se
1000 3163 1021 3207 a
1049 3164 1193 3227 corpore
1219 3147 1256 3206 et

201 3243 370 3324 sanguine
382 3242 512 3307 domiui
526 3243 780 3326 sequestratum
799 3244 892 3308 etsie
909 3245 1256 3320 excommunicatum,

200 3343 289 3406 sicut
305 3342 363 3405 ille
378 3342 522 3425 quinon
539 3344 678 3408 babebit
695 3344 927 3409 remissionem
947 3343 1111 3427 [neque]¹
1133 3345 1169 3408 in
1190 3344 1258 3408 hoc

201 3442 339 3507 saeculo
363 3463 473 3526 neque
499 3445 535 3507 in
557 3444 685 3521 futuro,
709 3445 775 3508 nisi
797 3452 879 3509 ante
900 3453 1046 3509 mortem
1069 3444 1257 3509 secundum

200 3543 365 3606 iudicium
391 3542 639 3627 archiepiscopi
671 3545 916 3610 emendauerit.
974 3545 1055 3611 Hoc
1090 3546 1256 3628 scriptum

199 3642 436 3724 irrefragabile
449 3664 513 3708 sua
523 3645 686 3709 firmitate
701 3647 886 3724 muniatur,
894 3652 1063 3724 seruetur,
1073 3653 1108 3710 et
1121 3663 1257 3727 semper

200 3742 368 3808 habeatur
384 3744 418 3806 in
437 3744 603 3814 aecclesia
620 3746 817 3824 saluatoris,
835 3766 924 3829 quae
948 3747 1016 3810 sita
1038 3754 1091 3810 est
1113 3746 1149 3809 in
1172 3745 1257 3809 ciui.

201 3851 273 3907 tate
297 3845 513 3909 Dorobernia
541 3846 599 3909 ubi
633 3847 762 3928 primas
796 3845 952 3924 habetur,
984 3847 1029 3910 ad
1061 3847 1255 3928 exemplum

200 3945 352 4008 omnium
368 3946 610 4010 aecclesiarum
627 3953 731 4028 atque
747 3946 985 4010 deffensionem
1003 3947 1143 4030 quaein
1160 3945 1257 4027 Ang-

201 4044 247 4107 lia
269 4043 450 4109 habentur.

573 4162 579 4192 ¹
599 4164 712 4214 Omitted
723 4165 749 4213 in
761 4164 835 4216 Cant.
845 4166 908 4228 Reg.
