2888 4890
466 363 639 411 cnnnrnn
664 362 1007 411 nnouosaxourean.
1183 348 1249 411 369

192 521 292 604 qnasi
306 522 519 605 perdebitnm
537 522 667 605 primae
692 522 1000 605 praeuaricationis
1026 522 1070 585 ad
1097 525 1242 607 operan-

191 622 271 686 dam
299 629 428 686 extunc
451 623 655 687 naturaliter
673 623 891 704 iniquitatem
916 641 1034 687 omnes
1061 622 1135 687 iure
1160 642 1240 686 eon·

192 723 393 799 strinxerat,
413 722 490 787 misi
518 722 677 787 dominus
705 729 821 787 noster
845 722 969 787 Ibesus
988 721 1168 800 christus,
1186 723 1242 786 dei

193 821 284 885 filius
313 822 470 904 idemque
496 821 655 899 hominis,
682 823 735 886 his
762 818 1038 887 misericorditer
1054 842 1149 906 spem
1182 823 1243 886 im-

193 921 414 987 mortalitatis
448 922 638 987 attribuens
667 931 702 986 et
735 923 842 986 uitam
874 930 954 1007 post
988 930 1133 986 mortem
1161 943 1241 1006 pro·

194 1021 334 1085 mittens
360 1021 515 1086 foelicem
547 1023 684 1086 tandem
720 1023 936 1111 subueniret3
970 1030 1143 1087 caeterum
1177 1023 1242 1086 soli

193 1120 389 1203 philosophi
406 1140 575 1204 ueraeque
595 1123 785 1205 sapientiae
807 1122 912 1187 dediti
934 1131 969 1188 et
992 1124 1141 1186 maxime
1163 1123 1242 1187 reli-

194 1221 379 1301 giosissimi
411 1223 477 1287 uiri
510 1222 722 1286 condolendo
754 1223 923 1287 mirantur
953 1223 1077 1286 intenti
1108 1223 1244 1306 perdita

196 1319 355 1385 Paradisi
379 1341 534 1398 amoena,
553 1323 644 1404 quod
667 1343 712 1386 ex
733 1330 887 1405 tempore
904 1322 1020 1387 Liberi
1036 1324 1146 1406 patris
1169 1343 1243 1387 coe-

194 1421 288 1485 tanei
305 1420 405 1485 Noae
422 1422 638 1486 fabricatoris
660 1440 760 1486 arcae
780 1442 821 1486 ac
837 1424 989 1487 Eteoclis
1011 1418 1244 1505 Polinicisque

195 1520 397 1603 principum.
422 1522 619 1589 Thebarum
653 1521 880 1587 munitissime
914 1531 1067 1587 tutarum
1105 1530 1242 1587 centum

196 1620 304 1702 portis
322 1629 462 1704 propter
478 1623 579 1686 istius
595 1622 729 1686 telluris
753 1623 919 1686 lubricam
937 1622 1151 1696 diuisionem,
1167 1619 1243 1687 cro-

198 1721 295 1785 nicae
309 1721 506 1801 seditiones
522 1723 679 1800 insidiae,
694 1722 852 1800 latibula,
867 1722 969 1800 bella,
984 1723 1074 1787 inter
1088 1723 1243 1788 homines

197 1821 336 1885 minime
368 1833 590 1887 cessauerunt
624 1842 734 1905 usqne
774 1823 817 1887 ad
857 1823 922 1888 hoc
951 1824 1105 1905 spacium
1136 1823 1241 1890 uitae.

198 1920 419 2004 Quapropter
449 1942 515 2004 ego
545 1923 716 2005 Eaduuig,
746 1922 906 2004 largiflua
937 1923 1061 1986 summi
1092 1925 1245 1989 tonantis

198 2022 424 2103 prouidentia,
446 2044 506 2087 rex
529 2021 721 2104 Anglorum
737 2029 773 2086 et
788 2023 1069 2102 cunctigenarum
1086 2021 1243 2086 Albionis

200 2122 416 2203 populorum,
435 2131 507 2188 toto
524 2123 647 2188 mentis
663 2123 741 2186 nisu
763 2141 858 2185 meos
880 2141 1039 2204 proceres
1062 2122 1245 2187 fidissimos

198 2221 241 2287 ad
267 2222 322 2291 dei
346 2223 589 2306 omnipotentis
616 2223 844 2300 uoluntatem,
868 2229 971 2305 prout
1000 2221 1083 2286 mihi
1107 2223 1246 2306 potissi-

198 2342 291 2385 mum
315 2330 379 2400 est,
401 2331 436 2386 et
455 2343 496 2387 eo
516 2323 665 2406 amplius
686 2332 724 2387 ut
747 2323 813 2385 mei
837 2341 1075 2404 praecessores
1091 2321 1243 2387 deuotis-

199 2423 276 2485 simi
304 2423 425 2487 iecisse
462 2424 727 2505 comprobantur
763 2441 941 2499 reuocans,
968 2422 1129 2504 quicquid
1163 2443 1247 2487 uero

197 2521 381 2608 tepildi]us
408 2523 464 2586 uel
491 2524 721 2605 negligentius
749 2541 965 2605 quacumque
991 2543 1036 2585 ex
1059 2541 1165 2585 cansa
1187 2542 1246 2587 eos

198 2631 393 2705 compertus
416 2623 513 2688 suero
530 2623 711 2687 emendare
735 2622 889 2699 studens,
918 2621 1083 2704 adoptiuo
1111 2625 1247 2704 parenti

199 2743 275 2796 meo
294 2724 431 2788 nomine
455 2724 586 2787 AElrico
603 2740 682 2786 ‚xx.
700 2722 834 2787 telluris
858 2739 997 2786 mansas
1024 2722 1059 2784 in
1086 2721 1163 2785 loco
1186 2725 1246 2806 qui

199 2823 349 2904 Anglico
373 2824 546 2888 uocitatur
568 2842 663 2887 more
681 2823 844 2903 Hannige
866 2822 1111 2904 perpetualiter
1126 2822 1247 2887 libenti

198 2923 347 3005 largitus
379 2943 454 2987 sum
490 2923 605 2987 animo
640 2942 754 2987 coram
791 2922 922 2985 idoneis
965 2921 1108 2985 testibus
1142 2924 1247 3004 atque

198 3024 312 3105 dignis
335 3024 545 3106 proceribus,
563 3044 626 3106 pro
650 3042 714 3088 sua
737 3020 853 3103 potius
880 3020 1115 3085 satisfactione
1144 3042 1247 3103 quam

199 3125 310 3187 crucis
329 3143 444 3187 amore
467 3125 564 3187 cuius
584 3123 773 3205 quamlibet
790 3121 873 3184 mihi
892 3138 963 3184 mx.
979 3120 1128 3185 dedisset
1152 3142 1248 3186 man-

199 3242 311 3301 cusas.
350 3223 465 3305 Atque
479 3244 569 3287 nunc
580 3225 645 3287 hoo
659 3221 837 3304 signaculo
851 3221 980 3285 donum
997 3222 1107 3286 crucis
1119 3221 1248 3287 Christi

199 3325 394 3399 corroboro,
421 3333 590 3406 quatenus
622 3324 822 3404 cuicumque
858 3322 1005 3386 uoluerit
1044 3341 1081 3385 se
1109 3324 1248 3387 uiuente

201 3424 339 3487 haeredi
362 3444 422 3487 seu
447 3425 541 3486 uitae
568 3435 647 3505 post
674 3442 757 3486 suae
785 3422 1028 3486 discessionem
1053 3424 1251 3503 perenniter

199 3524 341 3600 tribuat,
360 3544 437 3587 cum
463 3525 622 3588 omnibns
647 3523 713 3586 sibi
738 3523 998 3605 pertinentibus,
1014 3520 1049 3583 id
1073 3528 1136 3594 est,
1155 3541 1248 3584 eam-

199 3625 264 3707 pis,
307 3624 426 3707 pratis,
458 3626 610 3706 pascuis
652 3623 910 3705 piscationibus,
938 3620 1147 3697 caeterisue3
1186 3621 1271 3684 tali.

198 3724 359 3789 uidelicet
383 3732 513 3800 tenore,
536 3732 575 3787 ut
602 3731 739 3805 praeter
767 3721 1034 3803 expeditionem,
1067 3720 1250 3802 pontisque

199 3845 332 3890 necnon
346 3831 381 3898 et
398 3824 487 3887 arcis
503 3821 804 3897 constructionem,
824 3820 1003 3902 praedicta
1019 3820 1065 3883 sit
1080 3821 1182 3883 tellus
1206 3823 1250 3884 ab

200 3926 292 3999 omni
313 3925 395 3988 fisco
421 3926 528 4004 regali
552 3923 671 3987 libera.
723 3921 760 3985 Si
788 3921 865 4002 quis
886 3928 1014 3995 autem,
1033 3920 1124 4000 quod
1149 3921 1251 3998 absit,

200 4032 353 4090 nostram
378 4025 536 4105 frangere
560 4030 706 4087 conatus
732 4021 834 4085 fuerit
857 4021 1088 4094 donationem,
1111 4021 1198 4084 sciat
1214 4038 1252 4084 se

201 4125 530 4192 anathematizatum
562 4131 642 4187 ante
672 4121 823 4186 tribunal
851 4121 978 4184 domini
1012 4121 1117 4183 nostri
1145 4121 1249 4184 Ibesu

249 4243 335 4289 non.
355 4243 387 4292 ν.
1039 4237 1104 4284 su
