2888 4890
458 374 633 423 cenasse
655 371 1002 421 rncnosnxonronr.
1206 352 1249 418 91

190 552 254 616 per
283 533 499 616 inposterum
528 531 688 597 stabilem
718 531 1028 612 inconcussamque
1060 529 1246 595 amicitiam

193 635 242 710 ab⁴
257 632 319 698 illo
346 633 510 716 episcopo
536 631 706 697 Eadbuno
732 638 769 695 et
796 631 949 694 eiusdem
978 630 1247 712 congregatione

194 733 391 815 praedictae
417 731 606 797 aecclesiae
631 731 769 808 babeat,
794 737 830 794 et
856 731 901 796 ab
927 729 1086 795 omnibus
1112 750 1249 797 succes·

194 832 329 896 soribus
351 833 426 898 eius
448 832 515 896 boc
543 831 633 895 idem
667 830 898 914 patrocinium
927 848 969 894 ac
1000 831 1247 914 protectionem

194 931 288 996 illius
301 932 394 996 sedis
408 933 484 1016 ipse
496 938 531 996 et
544 931 740 996 haereditas
753 937 873 995 nostra
884 931 1063 1013 nostrique
1072 930 1247 1011 haeredes,

197 1032 393 1114 quicunque
409 1032 465 1096 dei
483 1031 675 1096 uoluntatis
694 1031 797 1096 fuerit
813 1029 907 1114 quod
921 1027 973 1093 illi
991 1031 1073 1106 sint,
1089 1030 1127 1094 in
1141 1033 1248 1096 omni·

196 1131 261 1196 bus
288 1131 552 1197 necessitatibus
580 1131 720 1208 nostris,
750 1131 881 1212 absque
906 1129 999 1193 omni
1020 1129 1247 1212 dubitatione,
1321 1136 1324 1141 ’

194 1239 424 1314 spontaneum
457 1240 687 1315 paratumque
715 1229 887 1296 amicabili
916 1248 1032 1294 amore
1058 1231 1247 1300 inueniant.

197 1330 235 1395 Si
250 1339 367 1396 autem
384 1331 523 1414 aliquis,
537 1331 631 1414 quod
652 1331 757 1407 absit,
775 1330 879 1395 huius
895 1331 1130 1413 praescriptae
1156 1333 1248 1398 sedis

196 1431 366 1514 dignitate
383 1430 560 1514 praeditus
581 1438 703 1495 contra
725 1429 825 1494 illum
839 1438 875 1493 et
899 1429 1147 1495 haereditatem
1169 1453 1250 1498 nos-

197 1539 288 1596 tram
324 1539 530 1614 nostrosque
569 1530 737 1595 haeredes
768 1529 932 1594 inimicali
974 1531 1177 1614 quaestione
1213 1534 1249 1596 in

197 1631 317 1715 aliqua
341 1632 603 1714 repraebetur,
631 1634 829 1713 permutuat
856 1629 945 1694 banc
970 1629 1192 1697 donationem
1214 1641 1250 1699 et

197 1731 322 1796 reddat
341 1732 386 1796 ad
405 1731 653 1796 haereditatem
672 1737 846 1810 nostram3
870 1728 1036 1812 quatinus
1055 1732 1250 1815 quicunque

198 1851 274 1896 eam
287 1833 354 1896 sub
366 1838 539 1914 potestate
552 1830 794 1895 dominationis
812 1829 938 1894 babeat
952 1830 1183 1897 defensionem
1199 1842 1249 1899 at·

199 1951 267 2014 que
279 1932 458 1996 tuitionem
474 1950 496 1994 a
509 1931 701 2012 cuicunque
712 1929 840 1993 bomini
852 1937 955 2012 prout
966 1930 1120 1997 inuenire
1132 1933 1250 1999 ualeat
1294 1997 1298 2005 ,

198 2051 277 2096 cum
293 2031 382 2096 banc
407 2031 668 2114 praenominata
686 2036 780 2094 terra
802 2036 1001 2111 compareat
1023 2037 1058 2095 et
1073 2032 1246 2115 requirat3

199 2130 354 2214 duasque
384 2131 573 2213 scripturas
603 2148 665 2212 per
694 2119 811 2193 omnia
841 2128 1035 2193 consimiles
1065 2129 1167 2194 buius
1195 2152 1248 2197 re-

199 2230 451 2296 conciliationis
480 2229 694 2293 conscribere
723 2228 920 2304 statnimus‚
946 2228 1090 2292 alteram
1124 2229 1251 2299 babeat

200 2331 383 2413 episcopus
397 2349 482 2409 cum
492 2327 706 2411 telligrapbis
721 2327 920 2406 aecclesiae,
935 2328 1079 2393 alteram
1096 2328 1251 2412 Egberbt

200 2438 235 2494 et
272 2428 454 2494 AEdeluulf
483 2447 582 2510 reges
621 2448 699 2492 cnm
731 2426 954 2492 baereditatis
992 2447 1109 2492 eorum
1141 2431 1249 2516 scrip-

200 2529 297 2594 turis.
349 2529 477 2594 Actum
503 2535 558 2592 est
583 2534 700 2592 autem
724 2527 847 2610 [anno]
875 2527 1066 2593 dominicae
1090 2529 1248 2598 incarna-

187 2630 305 2695 -tionis
339 2625 663 2694 .nocc⁰.xxx⁰v111⁰.
692 2627 745 2691 bis
778 2629 924 2692 testibus
957 2628 1249 2697 consentientibus

199 2730 260 2814 qui
276 2729 365 2794 banc
381 2736 537 2793 nostram
557 2727 868 2793 reconciliationem
889 2747 966 2790 cum
985 2729 1086 2810 signo
1106 2739 1248 2798 sanctae

198 2831 311 2894 crucis
330 2827 461 2894 Gbristi
486 2828 727 2893 confirmantes
753 2828 1028 2910 subscripserunt
1052 2829 1088 2893 in
1113 2830 1174 2895 illo
1197 2833 1248 2898 fa-

198 2948 296 2995 moso
308 2928 386 2994 loco
402 2930 462 3013 qni
475 2929 672 3011 appellatur
684 2927 877 3011 Gingestun
891 2928 926 2991 in
940 2929 1080 3013 regione
1094 2929 1249 2999 Suttreie.

219 3066 224 3073 ·
253 3032 295 3113 *1⁴
322 3030 398 3112 Ego
420 3028 554 3094 Celnott
579 3030 694 3111 gratia
714 3029 770 3093 dei
791 3028 1069 3112 archiepiscopus
1091 3031 1178 3096 banc
1195 3054 1249 3099 re-

198 3129 472 3195 conciliationem
504 3136 541 3193 et
565 3128 669 3193 istam
702 3128 993 3193 confirmationem
1032 3149 1110 3195 cnm
1149 3134 1250 3215 signo

199 3237 341 3295 sanotae
355 3229 467 3294 crucis
485 3228 616 3293 Christi
630 3229 791 3293 roborani
812 3237 849 3293 et
866 3229 1064 3313 subscripsi.
1110 3235 1150 3315 ›1‹
1172 3234 1249 3316 Ego

200 3329 354 3412 Egberbt
367 3348 430 3392 rex
444 3329 602 3393 consensi
616 3336 652 3392 et
666 3328 864 3410 subscripsi.
909 3331 949 3411 ›1‹
969 3330 1045 3412 Ego
1061 3332 1251 3398 AEttewulf-

199 3449 240 3494 us
251 3448 316 3494 rex
328 3429 485 3494 consensi
498 3435 534 3493 et
545 3429 742 3511 subscripsi.
782 3430 821 3510 ›1‹
838 3428 915 3510 Ego
928 3429 1080 3495 AElfstan
1092 3433 1248 3517 episcop-

200 3548 241 3593 us
271 3528 439 3593 consensi.
497 3530 536 3610 ›1‹
572 3528 649 3609 Ego
682 3528 879 3592 Beornmod
911 3529 1092 3613 episcopus
1126 3535 1250 3597 confir-

200 3629 303 3692 maui.
347 3629 386 3709 ›1‹
416 3627 493 3708 Ego
518 3627 665 3692 Eadhun
689 3628 883 3711 episcopus.
941 3630 980 3710 ›1‹
1008 3629 1085 3711 Ego
1110 3632 1249 3716 Gynred

200 3729 383 3810 episcopus
401 3727 599 3810 conscripsi.
656 3729 696 3809 ›1‹
715 3726 792 3809 Ego
808 3727 966 3792 Elmstan
981 3729 1162 3813 episcopus
1178 3751 1247 3797 non

199 3827 308 3893 renui.
365 3828 406 3909 ›1‹
424 3827 501 3908 Ego
518 3826 727 3891 Swinhunus
740 3826 905 3892 diaconus
920 3829 1151 3894 corroboraui.
1175 3892 1179 3903 ,

249 3926 355 3992 Anno
378 3928 423 3991 ab
445 3927 680 3992 incarnatione
706 3926 834 3991 domini
860 3944 1113 3993 ccccxxxix.
1137 3931 1248 4013 primo

199 4028 361 4093 uidelicet
388 4047 481 4092 anno
522 4027 620 4108 regni
658 4027 855 4093 AEttelwulfi
888 4029 980 4109 regis
1004 4038 1084 4111 post
1114 4032 1246 4097 obitum

199 4129 379 4212 patrissui
395 4129 525 4192 factum
541 4135 595 4195 est
609 4129 806 4193 uenerabile
815 4128 1078 4194 conciliabulum
1096 4132 1248 4198 omnium
