2888 4890
448 387 621 437 curnula
643 387 989 437 sucuosnxourcnn.
1151 355 1154 361 ’
1185 373 1247 436 301

198 547 237 627 ›1‹
271 544 348 624 Ego
369 543 536 609 AEllheab
555 543 719 608 minister.
778 544 817 623 ›1‹
840 541 917 625 Ego
935 543 1146 625 AE’delgeard
1163 547 1246 609 min-

192 645 287 708 ister.
350 647 389 726 ᾧ
409 644 487 726 Ego
504 643 653 708 Wulsric
684 642 849 706 minister.
921 643 960 723 ›1‹
986 643 1061 723 Ego
1083 643 1247 726 Wibtgar

193 744 359 809 minister.
416 747 455 827 ›1‹
486 744 563 826 Ego
584 743 708 806 AElfric
732 743 898 806 minister.
956 745 995 825 ›1‹
1020 743 1096 824 Ego
1114 743 1247 809 AElfred

193 843 359 909 minister.

634 1049 814 1115 Meum.

590 1171 856 1265 alumenu.

261 1347 300 1427 ›1‹
325 1343 403 1407 Eoo
421 1341 615 1419 Eadmund,
638 1341 817 1406 altithroni
834 1339 1102 1406 adminiculante
1125 1346 1249 1425 gratia,

198 1443 389 1525 Anglorum
418 1450 701 1524 caeterarumque
732 1442 886 1522 gentium
913 1441 950 1503 in
980 1441 1124 1533 circuitu
1156 1443 1250 1507 triui-

197 1545 280 1608 atim
312 1544 570 1627 persistentium
604 1542 725 1605 basilei
770 1540 873 1617 lilius,
911 1540 1082 1622 quandam
1116 1543 1250 1607 telluris

196 1643 402 1727 particulam
419 1661 557 1706 mansas
575 1641 736 1707 uidelicet
751 1659 793 1705 .v.
810 1641 869 1723 qui
890 1641 935 1704 ab
957 1640 1098 1705 huiusce
1115 1645 1250 1724 patriae

198 1743 365 1827 gnosticis
394 1742 501 1806 nobili
528 1741 724 1825 appellatur
757 1747 917 1806 onomate
949 1747 996 1803 aet
1023 1740 1250 1824 Laciugahi’d,

198 1851 366 1928 perpetua
396 1841 544 1925 largitus
576 1861 652 1906 sum
689 1841 899 1906 haereditate
930 1839 975 1903 ad
1005 1845 1250 1908 monasterium

199 1943 291 2026 quod
309 1942 435 2006 dicitur
453 1941 602 2025 Borney.

640 2157 813 2223 memv.

571 2276 790 2385 uiuum),
812 2307 888 2372 945.

249 2448 288 2528 ›1‹
311 2444 355 2508 ΙΝ
385 2442 522 2506 nomine
552 2441 663 2505 almae
688 2440 854 2504 trinitatis
883 2439 1148 2523 indiuidnaeque
1179 2442 1252 2506 uni·

203 2547 297 2621 tatis,
328 2543 437 2625 patris
466 2550 501 2606 et
531 2541 593 2604 lilii
619 2547 655 2603 et
687 2539 831 2622 spiritus
857 2541 981 2617 sancti,
1013 2540 1072 2623 qui
1099 2541 1236 2606 altitudi

201 2663 279 2708 nem
299 2642 398 2719 coeli,
412 2641 697 2721 latitudinemque
712 2646 838 2716 terrae,
855 2659 896 2704 ac
913 2639 1119 2722 profundum
1135 2643 1253 2725 abyssi

200 2761 266 2807 sua
288 2741 423 2824 potenti
450 2742 540 2822 regit
569 2741 714 2805 uirtute!
766 2740 947 2805 Uniuersis
969 2743 1249 2823 pertractandum

201 2860 417 2924 summopere
429 2848 494 2918 est,
508 2841 657 2924 qualiter
669 2860 731 2923 per
743 2841 909 2905 bonorum
928 2842 1094 2906 exercitia
1109 2861 1251 2923 operum

202 2942 247 3007 ad
262 2948 425 3006 aeternae
443 2941 638 3005 foelicitatis
654 2941 870 3005 inmortalem
888 2949 1071 3023 properent
1089 2943 1252 3024 requiem,

201 3043 302 3107 iuxta
321 3040 497 3105 cuiusdam
516 3041 796 3104 ammonitionem
824 3041 1001 3123 sapientis,
1024 3061 1093 3123 qua
1120 3042 1252 3106 cunctis

203 3144 253 3207 ita
268 3142 472 3225 proclamat,
490 3139 755 3223 ‘Quodcunque
777 3147 894 3223 potest
911 3160 1031 3203 manus
1049 3148 1111 3204 tua
1127 3141 1252 3220 lacere,

203 3244 373 3307 instanter
390 3259 544 3323 operare,
561 3241 645 3322 quia
665 3260 729 3304 nec
756 3260 855 3322 opus,
875 3258 938 3303 nec
965 3241 1064 3317 ratio,
1083 3261 1145 3305 nec
1170 3261 1253 3307 con·

204 3343 330 3418 silium,
354 3359 416 3405 nec
445 3340 618 3422 sapientia
641 3341 706 3403 erit
733 3340 823 3422 apud
857 3340 983 3403 inferos
1011 3360 1080 3422 quo
1108 3348 1144 3405 tu
1172 3363 1253 3424 pro-

204 3441 327 3526 peras.’
391 3439 498 3504 Cuius
524 3439 779 3507 ammonitionis
793 3440 938 3504 -feruore
965 3440 1159 3516 instinctus,
1189 3462 1254 3523 ego

204 3542 382 3606 Eadredus
396 3539 591 3621 Anglorum
615 3539 766 3604 basileus
791 3547 1073 3621 caeterarumque
1099 3541 1253 3620 gentium

202 3662 291 3726 quae
317 3642 467 3723 undique
494 3640 654 3704 adiacent
682 3640 893 3722 guberuator
914 3647 949 3703 et
975 3647 1098 3716 rector,
1117 3640 1251 3705 cuidam

203 3764 280 3808 meo
296 3741 388 3806 fideli
413 3741 584 3817 ministro,
602 3740 646 3803 ob
668 3759 766 3803 suum
791 3739 891 3804 fidele
912 3739 1138 3804 ministerium
1160 3742 1253 3823 quod

205 3843 306 3909 michi
333 3861 355 3906 a
370 3841 493 3924 puerili
515 3841 697 3904 iuuentute
721 3840 859 3903 exibere
884 3839 1029 3916 studuit,
1055 3860 1157 3922 quem
1178 3843 1252 3906 uul-

204 3963 305 4027 gares
322 3941 427 4006 solito
443 3960 508 4004 usu
521 3940 729 4022 AEaelgeard
747 3940 935 4023 appellant,
953 3939 1078 4021 dapsili
1092 3940 1254 4022 largitate

204 4043 376 4127 quandam
400 4041 534 4106 telluris
557 4041 706 4105 concedo
723 4041 962 4123 quantitatem,
980 4040 1060 4104 licet
1083 4041 1191 4104 tribus
1218 4044 1254 4107 iu

204 4143 289 4208 locis
304 4148 555 4225 sequestratam
576 4160 672 4205 .xxx.
692 4140 852 4206 uidelicet
868 4159 1016 4219 mansas,
1033 4159 1122 4222 quae
1135 4162 1254 4208 omnes
