2888 4890
190 360 256 430 258
454 378 625 427 onsurae
651 375 994 427 succosixomcaa.

192 533 285 599 fatae
302 535 556 601 munificentiae
573 555 699 600 munus
714 535 881 600 tradendo
896 534 1063 612 concessi,
1081 540 1120 598 ut
1136 531 1247 616 possi·

194 633 276 700 deat
295 641 330 699 et
349 635 491 701 firmiter
515 644 644 714 teneat,
667 656 778 719 usque
800 635 844 700 ad
866 635 1025 700 ultimum
1049 635 1143 699 uitae
1161 652 1247 698 suae

194 754 345 814 cursum,
362 756 439 802 cum
455 737 613 801 omnibus
630 737 847 814 utensilibus,
862 755 952 820 quae
968 737 1053 800 deus
1070 734 1246 800 coelorum

195 835 231 899 in
254 837 332 918 ipsa
356 837 490 902 telluris
517 838 672 920 gramine
694 838 837 914 creauit,
863 842 935 900 tam
955 836 1105 901 innotis
1129 835 1246 900 causis

75 929 77 932 ’
195 955 300 1018 quam
333 944 368 1001 et
398 937 540 1019 ignotis,
571 939 607 1002 iu
643 936 785 1002 modicis
809 943 843 1001 et
870 938 905 1000 in
928 937 1075 1019 magnis,
1101 935 1247 1017 campis,

196 1037 345 1118 pascuis,
361 1038 471 1115 siluis,
488 1039 625 1102 omnino
648 1037 782 1104 donans
805 1036 941 1104 donabo
961 1037 1178 1110 libertatem
1212 1042 1248 1099 et

195 1144 379 1220 postquam
407 1137 548 1203 humani
578 1139 713 1220 generis
736 1138 961 1219 fragilitatem
982 1137 1184 1213 deseruerit,
1212 1142 1248 1200 et

196 1235 457 1303 desiderabilem
479 1237 701 1304 iocunditatis
722 1240 828 1315 uiam,
849 1258 912 1321 per
933 1239 1082 1320 gratiam
1105 1237 1248 1319 superni

196 1336 330 1414 iudicis,
349 1337 484 1416 adierit,
501 1339 762 1404 succedentibus
785 1338 847 1402 filii
867 1339 1048 1403 abbatibus
1065 1345 1101 1403 et
1118 1337 1248 1402 sanctis
1325 1348 1328 1354 '

197 1438 364 1520 apostolis
392 1438 639 1503 famulantibus
671 1439 892 1504 aeternaliter
922 1437 1151 1522 derelinquat,
1182 1457 1247 1502 ceu

199 1539 358 1622 superius
374 1541 589 1621 praenotaui.
641 1539 694 1604 Sit
711 1546 827 1605 autem
844 1538 1058 1622 praedictum
1081 1558 1141 1603 rus
1161 1538 1247 1603 libe·

197 1657 274 1701 rum
291 1640 338 1705 ab,
351 1640 444 1704 omni
458 1640 569 1705 fiscali
584 1640 713 1705 tributo
730 1639 1024 1724 saeculariumque
1039 1639 1247 1704 seruitutum

198 1739 427 1816 exinanitum,
440 1741 513 1804 sine
524 1742 755 1825 expeditione,
772 1747 807 1805 et
821 1741 935 1823 pontis
952 1740 1086 1806 arcisue
1099 1739 1249 1804 instruc·

198 1838 304 1904 tione.
355 1839 606 1924 Praecipioque
627 1842 663 1905 in
682 1841 819 1906 nomine
836 1840 891 1905 dei
906 1841 1042 1917 summi,
1059 1847 1131 1905 tam
1149 1840 1248 1904 nobis

199 1938 398 2004 uiuentibus
426 1960 531 2024 quam
553 1948 592 2005 et.
612 1941 731 2007 diuina
752 1948 939 2024 praecepta
958 1940 1249 2023 praedicantibus

199 2037 300 2102 huius
323 2040 493 2105 libertatis
517 2047 651 2105 statuta
674 2042 718 2105 ad
751 2042 884 2105 irritum
915 2040 1082 2105 deducere
1109 2041 1248 2109 minime

199 2139 369 2222 quispiam
386 2148 594 2223 praesumat.
641 2139 807 2224 Quisquis
823 2141 985 2206 beniuola
1004 2148 1118 2205 mente
1135 2161 1247 2205 meam

200 2238 419 2304 donationem
455 2240 664 2323 amplificare
697 2242 877 2323 satagerit,
910 2242 947 2305 in
979 2240 1044 2304 hoc
1073 2242 1248 2323 praesenti

199 2339 337 2404 saeculo
352 2341 426 2404 uita
440 2340 532 2405 illius
547 2341 773 2423 amplificetur
787 2341 954 2406 foeliciter
967 2340 1249 2424 longitemaeque

199 2438 294 2503 uitae
311 2439 439 2522 gaudia
455 2447 583 2506 teneat.
622 2441 660 2505 Si
676 2443 754 2524 quis
769 2449 884 2505 autem
900 2441 1039 2524 propria
1057 2442 1249 2506 temeritate

199 2539 369 2604 uiolenter
385 2540 549 2605 inuadere
566 2542 847 2624 praesumpserit,
864 2542 952 2622 sciat
969 2560 1006 2604 se
1022 2541 1250 2624 proculdubio

202 2646 284 2704 ante
308 2640 459 2704 tribunal
483 2641 631 2706 districti
663 2642 786 2706 iudicis
818 2643 1024 2706 titubantem
1055 2643 1250 2706 tremebun-

201 2739 352 2823 dumque
377 2742 545 2806 rationem
566 2741 790 2820 redditurum,
813 2742 879 2806 nisi
906 2742 1002 2824 prius
1021 2742 1126 2823 digna
1147 2743 1250 2807 satis·

202 2839 350 2906 factione
370 2842 552 2907 emendare
574 2843 746 2907 maluerit.
800 2843 883 2907 Istis
900 2842 1053 2907 terminis
1072 2842 1251 2925 praedicta

200 2946 294 3005 terra
310 2942 550 3007 circumcincta
565 2961 641 3007 esse
657 2943 805 3020 uidetur,
823 2949 889 3007 etc.
987 2998 991 3005 .

594 3214 874 3282 mcxxxiii.

545 3338 813 3444 sinuunn,
837 3366 914 3432 olo.

259 3511 298 3592 ›1‹
321 3509 366 3573 IN
384 3510 521 3575 nomine
539 3513 593 3577 dei
608 3517 732 3579 summi
750 3523 784 3581 et
802 3517 961 3582 altissimi
979 3518 1085 3584 Ihesu
1102 3519 1253 3590 Christi!

204 3608 430 3675 Manifestum
459 3618 512 3675 est
538 3616 671 3679 cunctis
689 3617 781 3699 quod
807 3619 922 3682 omnia
945 3620 1108 3685 coelestia
1130 3630 1167 3686 et
1187 3630 1254 3687 ter-

202 3709 326 3775 restria
351 3710 567 3792 prouidentia
593 3714 649 3778 dei
674 3718 922 3798 gubernantur,
940 3738 1029 3802 quae
1056 3720 1254 3789 sollicitudo

203 3810 359 3873 mortalis
382 3811 476 3875 uitae
503 3814 585 3909 totis
608 3815 739 3886 nisibus
756 3817 792 3881 in
813 3827 972 3883 carorum
997 3821 1254 3906 amicorumque

204 3909 389 3973 amissione
406 3914 628 3993 conqueritur
645 3935 685 3980 ac
703 3916 860 3984 defletur.
913 3919 998 3984 Ideo
1025 3921 1128 3986 certis
1145 3922 1255 3989 adsti-

203 4008 438 4090 pulationibus
463 4012 595 4079 mellita
622 4018 763 4082 oracula
790 4018 927 4085 diuinae
946 4021 1162 4087 clamationis
1190 4045 1256 4091 nos

203 4107 466 4191 frequentatiuis
488 4112 742 4182 hortationibus
759 4119 918 4196 suadent,
934 4128 975 4185 ut
992 4141 1069 4186 cum
1090 4122 1144 4187 bis
1165 4123 1256 4213 fugi-
