2888 4890
191 357 257 422 274
443 374 616 422 CHARTAE
639 375 985 425 nuouosnxomduu.

192 530 280 596 heah
303 532 466 597 minister.
535 535 576 615 ›1‹
607 534 683 615 Ego
700 534 834 598 AElfred
866 533 1030 599 minister.
1105 536 1144 616 ›1‹
1171 533 1250 614 Ego

194 631 343 696 Wulfric
366 633 530 696 minister.
586 637 625 716 ›1‹
646 634 723 716 Ego
740 634 908 698 AElihelm
923 634 1089 699 minister.

253 731 382 797 Rubrio.
448 734 513 799 Dis
544 733 574 796 is
604 722 693 799 bara
723 751 807 798 ‚xva
835 725 919 798 hida
947 725 1015 798 boc
1044 741 1091 798 aet
1107 733 1252 815 Piping·

193 840 358 914 mynstrae
390 838 436 897 ae
466 821 650 898 Eadmund
690 835 770 915 cing
808 828 985 916 gebdcode
1006 825 1166 916 AElfegae
1197 832 1253 897 his

194 934 312 1014 pegnae
327 952 372 997 on
388 923 450 996 ece
467 931 562 1016 yrfee.

634 1144 814 1210 nexui.

543 1257 811 1363 ninuuun,
832 1285 909 1351 942.

249 1434 288 1514 ›1‹
306 1430 352 1494 lu
367 1419 503 1494 nomine
517 1428 573 1493 dei
590 1428 715 1492 summi
729 1435 765 1492 et
779 1428 959 1493 altissimi!
1012 1427 1124 1493 Certis
1141 1429 1249 1493 adsti-

194 1530 429 1612 pulationibns
464 1549 527 1595 nos
560 1529 670 1593 sancti
696 1535 731 1592 et
757 1528 839 1592 iusti
867 1535 984 1612 patres
1011 1529 1250 1611 freqentatiuis

195 1629 445 1695 hortationibus
471 1630 667 1705 admonent,
690 1635 730 1692 ut
751 1628 855 1692 deum
880 1649 982 1712 quem
1011 1628 1188 1712 diligimus
1216 1637 1250 1694 et

195 1730 365 1794 credimus
386 1731 508 1795 intima
529 1730 654 1794 mentis
677 1729 868 1806 affectione,
883 1749 962 1793 cum
983 1731 1152 1794 bonorum
1169 1749 1251 1811 ope·

194 1851 271 1894 rum
291 1830 469 1911 diligentia
490 1832 701 1894 incessanter
715 1849 794 1893 eum
817 1830 1000 1894 timeamus
1023 1836 1058 1893 et
1083 1849 1251 1909 amemus,

196 1932 278 2014 quia
303 1931 562 1995 retributionem
585 1931 737 1994 omnium
757 1936 897 1994 actuum
918 1937 1114 1994 nostrornm
1138 1930 1175 1994 in
1196 1931 1250 1995 die

196 2031 462 2095 examinationis
493 2031 595 2095 iuxta
624 2030 893 2112 uniuscuiusque
929 2031 1088 2095 meritum
1117 2031 1249 2096 reddet

197 2131 350 2213 Ideoque
376 2130 600 2195 subtilissima
629 2131 752 2194 mentis
782 2131 970 2195 certatione
998 2130 1096 2194 illum
1121 2131 1249 2196 imitari

197 2240 411 2314 satagamus,
441 2231 522 2295 licet
558 2230 713 2294 mortalis
750 2231 844 2294 uitae
883 2231 1032 2313 pondere
1068 2232 1179 2313 pressi
1215 2240 1250 2297 et

196 2331 391 2395 labentibus
417 2329 519 2395 huius
548 2331 678 2394 saeculi
706 2331 977 2412 possessionibus
1006 2332 1113 2395 simus
1141 2331 1249 2398 infoe-

197 2432 278 2508 cati,
295 2439 411 2495 tamen
434 2431 663 2495 miserationis
685 2431 758 2494 eius
780 2430 953 2512 largitate,
969 2430 1108 2495 caducis
1127 2433 1251 2514 opibus

198 2537 339 2595 aeterna
368 2531 525 2595 coelestis
568 2531 662 2595 uitae
701 2531 855 2612 praemia
890 2532 1034 2595 mercari
1070 2551 1250 2614 queamus.

199 2630 314 2710 Quam
336 2633 381 2695 ob
412 2649 555 2695 causam
585 2650 651 2712 ego
676 2631 912 2709 Eadmundus‚
947 2631 1116 2696 desiderio
1151 2635 1250 2716 regni

198 2731 356 2796 coelestis
383 2730 564 2808 exardens,
590 2731 729 2795 fauente
761 2751 912 2813 superno
937 2733 1076 2796 numine
1102 2733 1251 2799 basileus

197 2831 387 2896 industrius
404 2829 599 2912 Anglorum
630 2836 911 2914 caeterarumque
942 2832 1097 2912 gentium
1123 2833 1163 2896 in
1188 2836 1251 2898 oir-

199 2933 295 2996 cuitu
309 2931 576 3013 persistentium,
591 2931 728 2996 cuidam
742 2931 907 3014 adoptiuo
924 2932 1016 2996 fideli
1038 2952 1117 2997 meo
1134 2935 1251 3000 comiti

199 3031 351 3096 uocitata
367 3032 585 3110 AE'6elstano,
599 3033 643 3095 ob
657 3031 751 3095 illius
773 3032 920 3096 amabile
945 3033 1149 3115 obsequium
1175 3034 1252 3116 dig-

198 3138 392 3196 natussum
411 3131 531 3214 largiri
547 3153 595 3199 ,ι
609 3150 746 3195 mamas
769 3131 910 3214 agelluli
935 3133 1062 3197 ibidem
1086 3134 1148 3198 ubi
1175 3135 1252 3198 uul-

199 3251 312 3311 gares,
339 3231 452 3313 prisco
478 3252 571 3296 more
599 3232 784 3315 mobilique
813 3232 991 3309 relatione,
1020 3233 1178 3299 uocitant
1204 3243 1253 3300 est

201 3331 410 3395 AErmandes
443 3333 510 3408 lea,
553 3332 740 3414 uillamque
776 3333 913 3396 nomine
950 3340 997 3397 aet
1026 3333 1251 3417 AEppeltuue,

200 3452 278 3496 cum
306 3432 459 3513 pascuis,
487 3433 628 3514 campis,
653 3433 918 3517 nemoribusque
941 3433 1120 3511 siluarum,
1134 3442 1176 3499 ut
1197 3434 1254 3501 bie

200 3551 363 3615 prospere
387 3532 561 3614 possideat
587 3551 628 3596 ac
656 3533 875 3598 aeternaliter
899 3539 1017 3598 teneat
1042 3533 1125 3598 dum
1150 3535 1254 3600 baim

200 3625 347 3696 labentis
371 3633 449 3696 aeni
471 3652 608 3696 cursum
633 3639 788 3698 transeat
815 3634 978 3712 inlaesus,
1003 3641 1107 3718 atque
1135 3636 1255 3701 uitalis

199 3733 343 3815 spiritus
368 3734 404 3796 in
431 3732 644 3815 corruptibili
668 3753 770 3798 carne
793 3734 989 3814 inhaereat3
1014 3742 1103 3818 post
1126 3754 1165 3801 se
1190 3755 1254 3801 au-

198 3839 280 3908 tem,
298 3833 409 3897 ueluti
432 3831 690 3911 affirmauimus
713 3835 916 3917 cuicumque
941 3835 1090 3900 uoluerit
1114 3836 1255 3902 haeredi

202 3933 426 4016 derelinquat.
492 3932 572 3998 Fiat
600 3935 726 3999 etenim
762 3934 918 4016 praefata
955 3942 1052 4000 terra
1087 3937 1131 4002 ab
1160 3938 1255 4002 omni

201 4033 319 4097 seruili
346 4035 428 4114 iugo
454 4034 574 4110 libera,
590 4054 667 4098 cum
691 4036 849 4099 omnibus
872 4035 938 4099 sibi
961 4044 1054 4101 recte
1079 4039 1253 4120 pertinens

201 4134 303 4210 tibus,
318 4134 472 4216 exceptis
496 4133 573 4199 istis
598 4135 721 4213 tribus,
740 4136 972 4218 expeditione,
989 4139 1106 4220 pontis
1119 4139 1254 4204 arcisue
