2888 4890
454 370 628 419 curuum
650 371 996 421 nnenosnxonrouu.
1203 358 1248 422 93

191 527 326 594 adiacet
352 530 539 595 aecclesiae
566 522 709 597 sanctae
733 531 868 595 Mariae
893 531 984 614 apud
1016 528 1185 612 Liminge,
1207 530 1244 595 in

191 629 437 720 sempiternam
453 631 712 708 haereditatem,
731 631 873 696 liberam
899 633 943 695 ab
968 631 1060 696 omni
1078 631 1247 701 saeculari

190 729 372 809 seruitute,
395 732 551 815 exceptis
578 732 809 816 expeditione,
840 733 956 816 pontis
985 738 1019 795 et
1046 731 1135 795 arcis
1164 751 1245 796 oon-

193 831 395 896 structione.

617 1046 824 1112 MXLVII.

368 1182 648 1247 AEDELUULF
672 1183 736 1247 OF
759 1182 976 1261 WESSEX,
998 1182 1074 1248 844.

244 1324 282 1403 ›1‹
332 1321 440 1388 Auno
484 1324 676 1389 dominicae
720 1323 966 1388 incarnationis
1010 1339 1245 1389 mcccxnun.

196 1429 376 1503 praesente
407 1424 608 1489 AE’deluulso
639 1444 721 1505 rege
755 1432 790 1488 et
823 1421 1024 1487 AEaelstano
1058 1423 1129 1487 filio
1160 1425 1247 1502 eius,

195 1519 396 1588 Geolono’do
428 1543 566 1607 quoque
594 1523 864 1607 archiepiscopo,
896 1530 931 1587 et
961 1521 1124 1587 Tatno'ao
1153 1544 1247 1606 pres-

196 1622 317 1704 bytero
335 1629 419 1688 tunc
441 1625 578 1706 quidem
593 1625 703 1688 electo
721 1623 763 1686 ad
781 1623 1017 1707 episcopatum
1041 1623 1247 1702 Dorobreui,

195 1721 311 1786 idest
340 1723 464 1788 ciuitas
494 1725 586 1801 Reli,
621 1725 859 1788 confirmatum
885 1730 938 1787 est
961 1723 1087 1787 donum
1111 1724 1246 1789 Osuulfi

144 1856 149 1866 ·
195 1820 293 1885 ducis
322 1823 416 1904 quod
451 1824 544 1889 dedit
576 1824 762 1888 aecclesiae
789 1822 918 1888 Christi
952 1824 989 1887 iu
1018 1823 1246 1901 Dorobernia,

196 1920 262 1985 hoc
289 1929 343 1985 est
365 1923 467 1987 Estre
492 1923 769 1999 Stanhamstede,
795 1943 897 2007 quam
920 1930 1047 1987 terram
1070 1923 1247 2006 praefatus

196 2041 259 2084 rex
275 2022 495 2087 AE’aeluulsus
515 2024 744 2106 proclamauit
755 2021 897 2086 liberam
913 2025 957 2086 ab
971 2022 1063 2087 omni
1080 2024 1249 2088 saeculari

196 2121 351 2200 seruitio,
383 2124 538 2207 exceptis
567 2123 797 2206 expeditione,
829 2123 945 2207 pontis
979 2130 1014 2186 et
1043 2124 1134 2187 arcis
1167 2143 1248 2188 con-

195 2221 398 2290 structione.

613 2420 842 2487 MXLVIII.

280 2568 563 2635 AEDELUULF
587 2570 651 2634 OF
674 2569 891 2646 WESSEX,
919 2570 1013 2636 Nov.
1036 2575 1069 2649 5,
1091 2572 1166 2638 844.

254 2721 293 2801 ›1‹
316 2719 522 2783 Rucunuru
536 2718 675 2784 domino
695 2726 813 2783 nostro
837 2719 873 2781 in
891 2725 1117 2804 perpetuum!
1155 2723 1247 2786 Dum

199 2819 237 2881 in
259 2819 386 2883 nostris
410 2821 620 2901 temporibus
639 2819 806 2884 bellorum
823 2819 989 2884 incendiis
1005 2829 1039 2886 et
1058 2822 1248 2905 direptione

197 2937 304 3000 opum
329 2924 537 2995 nostrarum,
560 2938 692 2983 necnon
719 2926 753 2983 et
777 2922 988 2985 uastantium
1012 2922 1249 2988 crudelissima

199 3017 464 3100 depraedatione
510 3017 660 3083 bostium
694 3019 931 3096 barbarorum,
967 3040 1248 3106 paganarumque

198 3117 353 3199 gentium
392 3118 573 3200 multiplici
611 3118 832 3183 tribulatione
867 3119 1095 3201 affligencium
1139 3142 1249 3205 usque

199 3217 244 3280 ad
258 3216 535 3295 internecionem,
552 3224 709 3301 tempora
724 3219 894 3282 cernimus
910 3220 1105 3284 incumbere
1118 3223 1249 3303 pericu-

200 3317 294 3380 losa:
323 3315 553 3395 Quamobrem
577 3338 643 3400 ego
668 3316 869 3383 AEbelwlfus
892 3339 952 3382 rex
975 3319 1249 3385 occidentalium

200 3417 376 3481 Saxonum
408 3437 487 3480 cum
525 3418 669 3493 consilio
708 3418 945 3501 episcoporum
984 3438 1025 3483 ac
1057 3420 1250 3504 principum

198 3535 366 3592 meorum,
382 3517 564 3581 consilium
585 3518 723 3582 salubre
745 3524 850 3600 atque
871 3519 1039 3583 uniforme
1064 3521 1249 3585 remedium

199 3614 382 3692 affirmaui,
402 3623 442 3680 ut
466 3617 618 3700 aliquam
642 3619 834 3701 portionem
858 3626 1027 3683 terrarum
1057 3617 1249 3685 haeredita·

200 3715 287 3779 riam
298 3722 402 3781 autea
410 3716 665 3798 possidentibus
674 3717 837 3800 gradibus
849 3719 1018 3796 omnibuS,
1028 3720 1103 3783 siue
1113 3720 1250 3784 famulis

201 3822 237 3880 et
256 3813 452 3879 famulabus
470 3811 532 3880 'dei
552 3816 616 3881 deo
638 3818 878 3894 seruientibus,
894 3819 969 3882 siue
988 3818 1096 3895 laicis,
1116 3839 1250 3903 semper

125 3945 128 3950 ·
201 3915 368 3979 decimam
393 3917 607 3984 mansionem
633 3917 693 3980 ubi
715 3917 890 3981 minimum
919 3919 965 3983 sit
992 3925 1065 3982 tum
1084 3919 1250 3984 decimam

201 4021 337 4097 partem
359 4015 526 4096 [omnium
552 4017 735 4099 bonorum]
762 4018 797 4080 in
822 4017 1016 4083 libertatem
1049 4027 1249 4101 perpetuam

201 4114 392 4197 perdonare
423 4115 619 4193 diiudicaui,
650 4124 689 4181 ut
719 4119 766 4182 sit
797 4125 874 4182 tuta
905 4125 1010 4202 atque
1044 4121 1176 4184 munita
1207 4122 1250 4185 ab
