2888 4890
396 393 569 440 casaris
592 391 937 441 snouosnxourcsn.
1118 375 1181 439 371

544 649 796 716 ΜοΧονΠ.1

497 767 716 881 slawic,
741 802 817 868 sao.

184 952 223 1031 ›1‹
246 948 359 1015 Asin
382 950 437 1015 dei
459 951 704 1035 omnipotentis
729 959 815 1014 nutu
840 959 1046 1035 protogenes
1063 971 1108 1014 ex
1126 950 1178 1013 in·

128 1049 228 1114 iormi
255 1052 400 1116 materia
422 1060 570 1128 creatus,
597 1052 632 1114 in
660 1052 837 1133 Edenque‚
861 1059 1047 1134 praecepto
1066 1051 1178 1114 trinae

127 1151 359 1233 simplicitatis
373 1151 546 1216 custodito
559 1152 724 1216 foeliciter
737 1152 925 1216 collocatus
943 1153 1018 1215 sine
1032 1151 1176 1216 alicuius

129 1250 288 1316 elementi
313 1253 572 1334 perturbatione
591 1252 725 1330 uineas,
748 1252 851 1335 culpa
872 1253 977 1316 etiam
998 1252 1175 1335 praeuari-

127 1350 273 1415 cationis
297 1353 448 1430 inuenta,
478 1351 603 1416 exinde
628 1353 757 1435 pariter
782 1353 950 1435 expulsus
972 1353 1010 1415 in
1035 1351 1098 1416 has
1122 1351 1175 1415 di-

126 1470 245 1515 uersas
280 1453 374 1517 orbis
407 1453 530 1536 plagas
556 1472 634 1516 cum
658 1453 825 1534 ergastuli
855 1471 1043 1534 aerumpna
1065 1471 1174 1533 usque

125 1551 169 1614 ad
187 1553 321 1616 termini
337 1554 392 1618 sui
413 1553 554 1630 calcem,
572 1553 674 1617 sicuti
695 1552 797 1617 modo
815 1553 851 1616 in
874 1554 946 1617 suis
967 1552 1175 1636 postgenitis

125 1660 283 1734 apparet,
303 1653 412 1717 uitam
434 1652 675 1717 miserabiliter
696 1653 818 1717 finiens
840 1660 984 1717 mortem
1006 1654 1173 1716 minatam

125 1751 285 1832 pertulit3
300 1773 344 1818 ae
360 1753 484 1818 deinde
495 1773 560 1837 per
569 1753 708 1817 diuersa
723 1754 875 1837 quinque
891 1773 1055 1818 nonarum
1066 1753 1174 1816 linea·

124 1859 241 1916 menta
263 1853 416 1917 eiusdem
434 1853 600 1937 praedicti
617 1855 816 1936 protogenis
839 1854 955 1937 ampla
976 1855 1172 1918 innumera·

123 1948 287 2036 bi[li]que
303 1953 494 2036 pullulante
511 1954 687 2038 prosapia,
701 1973 769 2017 non
789 1954 900 2018 solum
918 1955 953 2016 in
968 1953 1172 2041 patriarchis

123 2061 158 2116 et
181 2054 367 2136 prophetis,
383 2055 609 2119 uerumetiam
636 2060 671 2118 et
697 2054 733 2117 in
756 2055 894 2135 regibus
920 2074 998 2117 oum
1026 2055 1171 2118 caeteris

122 2152 249 2218 diuersi
273 2154 404 2219 ordinis
425 2154 690 2232 conditionibus,
713 2154 803 2217 idem
832 2154 960 2218 crimen
984 2156 1172 2236 eademque

121 2272 234 2334 poena
256 2255 356 2338 quasi
376 2275 439 2338 per
455 2254 608 2319 debitum
635 2254 765 2337 primae
794 2254 1099 2337 praeuaricationis
1127 2256 1172 2319 ad

119 2355 329 2437 operandam
368 2362 499 2420 extunc
547 2355 754 2418 naturaliter
791 2355 1009 2436 iniquitatem
1048 2373 1168 2420 omnes

120 2453 194 2517 iure
209 2456 475 2532 constrinxerat,
487 2455 553 2518 nisi
567 2454 725 2519 dominus
738 2463 855 2519 noster
871 2454 994 2519 Ihesus
1011 2455 1170 2522 Christus

121 2552 177 2618 dei
205 2554 295 2618 filius
320 2556 480 2638 idemque
504 2556 651 2619 hominis
683 2555 786 2633 filius,
818 2555 871 2619 bis
904 2555 1170 2622 misericorditer

120 2673 217 2742 spem
238 2655 507 2720 immortalitatis
533 2656 725 2719 attribuens
745 2663 780 2719 et
804 2657 913 2719 uitam
931 2662 1167 2737 postmortem

120 2755 323 2837 promittens
338 2755 505 2833 foelicem,
518 2756 654 2820 tandem
672 2756 889 2819 subueniret:
913 2761 1086 2820 caeterum
1102 2759 1168 2835 soli

120 2853 315 2938 philosophi
340 2875 512 2938 ueraeque
534 2856 725 2939 sapientiae
744 2855 862 2931 dediti,
882 2863 918 2920 et
938 2857 1089 2921 maxime
1111 2879 1166 2922 re-

118 2953 328 3037 ligiosissimi
354 2958 420 3020 uiri
444 2946 655 3022 condolendo
678 2956 856 3032 mirantur,
883 2955 1006 3019 intenti
1031 2957 1166 3039 perdita

119 3070 264 3120 amoena
282 3057 454 3133 Paradisi,
470 3057 561 3140 quod
578 3077 623 3121 ex
639 3064 794 3138 tempore
817 3055 931 3119 Liberi
952 3057 1062 3138 patris
1087 3077 1165 3122 coe-

118 3156 211 3220 tanei
227 3156 327 3222 Noae
344 3157 559 3222 fabricatoris
575 3176 675 3221 arcae
692 3175 734 3220 ac
753 3154 904 3221 Eteoclis
919 3155 1165 3242 Polyniclsque

117 3256 308 3340 principum
326 3258 466 3321 Thebae
490 3258 739 3322 munitissimae
762 3256 900 3321 centurn
927 3257 1036 3340 portis
1055 3278 1163 3343 prop-

119 3363 172 3420 ter
191 3358 291 3421 istius
309 3357 442 3422 telluris
463 3357 630 3421 lubricam
656 3357 871 3434 diuisionem,
888 3359 1050 3422 ‘cronicae
1076 3360 1164 3422 sedi-

116 3457 239 3534 tiones,
259 3457 414 3534 insidiae,
436 3457 592 3534 latibula,
617 3457 719 3534 bella,
740 3459 830 3521 inter
849 3457 1008 3521 homines.
1027 3459 1163 3523 minime

116 3564 338 3622 cessauerunt
359 3577 468 3640 nsque
491 3559 534 3622 ad
558 3557 623 3621 boc
648 3557 798 3639 spatium
821 3558 924 3620 uitae.
976 3556 1162 3641 Quaprop-

113 3665 167 3722 ter
181 3676 246 3738 ego
264 3657 437 3739 Eaduuig,
453 3657 612 3739 largiflua
628 3657 752 3720 summi
768 3657 919 3720 tonantis
934 3656 1162 3738 prouidentia,
1282 3660 1285 3665 ’

113 3777 177 3821 rex
199 3754 392 3838 Anglorum
411 3767 446 3823 et
462 3757 744 3838 cunctigenarum
765 3755 923 3821 Albionis
943 3757 1161 3838 populorum,

114 3865 187 3923 toto
212 3859 336 3921 mentis
364 3860 486 3922 annisu
512 3877 608 3921 meos
637 3875 796 3939 proceres
823 3856 1005 3919 fidissimos
1034 3858 1077 3921 ad
1107 3860 1161 3925 dei

113 3957 358 4040 omnipotentis
373 3960 588 4023 uoluntatem
604 3977 766 4022 reuocare
783 3956 922 4033 curabo,
936 3965 1040 4038 prout
1054 3960 1162 4040 potis·

171 4122 177 4152 ¹
194 4125 257 4175 This
267 4125 366 4176 chortes
376 4126 399 4176 is
411 4125 453 4176 the
465 4141 533 4176 same
545 4141 573 4176 aa
584 4126 627 4175 the
638 4127 689 4175 last
699 4124 762 4176 with
777 4125 950 4189 considerable
962 4126 1106 4175 variatione.

954 4239 1025 4284 sni
