2888 4890
447 369 618 416 curares
644 370 991 419 succossxomcra.
1179 356 1246 419 305

191 525 344 590 worulde
367 514 443 589 swa
460 526 528 590 him
551 526 619 590 riht
637 527 742 592 wisie.
802 526 880 590 Pax
898 525 1029 592 Christi
1053 528 1243 593 nobiscum.

191 622 317 689 Amen.

239 725 279 806 ›1‹
302 724 379 805 Ego
413 725 548 790 Eadred
577 746 640 791 rex
663 724 857 808 Anglorum
896 726 962 791 hoc
998 728 1125 792 donum
1163 747 1240 791 cum

190 823 365 906 triumpho
403 833 545 891 sanctae
587 827 698 890 crucis
732 826 900 908 impressi.
974 829 1013 908 ›1‹
1052 827 1129 909 Ego
1164 827 1243 892 Oda

190 922 469 1008 archiepiscopus
498 926 666 991 consensi.
729 927 768 1007 ›1‹
797 926 874 1007 Ego
891 924 1033 1008 Oscytel
1061 927 1243 1009 episcopus

190 1024 420 1088 corroboraui.
488 1028 527 1108 ›1‹
560 1026 636 1106 Ego
658 1025 806 1107 AEllsige
831 1024 1015 1107 episcopus
1039 1027 1242 1091 consortaui.

195 1124 235 1204 ›1‹
257 1122 334 1205 Ego
359 1123 537 1206 Byrhtelm
560 1125 742 1207 episcopus
768 1124 850 1188 faui.
920 1126 959 1205 ›1‹
980 1125 1056 1206 Ego
1079 1124 1244 1189 Cenwald

190 1221 373 1305 episcopus
399 1223 540 1288 dictaui.
598 1226 637 1305 ›1‹
658 1224 735 1305 Ego
762 1222 869 1287 Osulf
889 1225 1072 1307 episcopus
1096 1224 1243 1288 firmani.

197 1322 237 1403 ›1‹
258 1322 335 1405 Ego
351 1322 474 1386 Daniel
491 1323 673 1406 episcopus
691 1323 883 1387 subarraui.
935 1325 974 1404 ›1‹
994 1325 1069 1406 Ego
1085 1323 1244 1387 AElfhere

191 1420 275 1484 dux.
349 1425 388 1504 ›1‹
420 1423 497 1504 Ego
520 1423 703 1487 AEllelstan
733 1422 817 1485 dux.
896 1425 935 1504 ›1‹
967 1422 1042 1504 Ego
1065 1423 1244 1502 AE’delsige

190 1519 276 1584 dux.
348 1524 387 1604 ›1‹
421 1522 498 1602 Ego
524 1521 720 1587 AE’oelwold
750 1522 834 1585 dux.
910 1524 949 1604 ›1‹
970 1522 1046 1603 Ego
1063 1522 1245 1586 Eadmund

191 1618 274 1685 dux.
318 1623 357 1703 ›1‹
381 1621 457 1702 Ego
474 1622 657 1686 AE’oelstan
672 1621 754 1684 dux.
813 1623 852 1703 ›1‹
876 1621 953 1702 Ego
966 1619 1144 1704 Byrhtnoh
1160 1622 1242 1684 dux.

197 1721 236 1801 ›1‹
253 1719 330 1800 Ego
339 1719 480 1801 AEligar
497 1722 662 1785 minister.
720 1722 759 1802 ›1‹
780 1720 856 1802 Ego
871 1721 1058 1803 Byrhtfer'e
1076 1722 1244 1785 minister.

198 1819 237 1899 ›1‹
259 1818 336 1901 Ego
352 1819 518 1884 AElfheah
544 1821 709 1885 minister.
782 1822 821 1901 ›1‹
843 1821 919 1900 Ego
937 1821 1099 1884 AElfwine
1126 1821 1246 1883 minis-

191 1923 255 1981 ter.
324 1921 363 2001 »Β
384 1919 460 2000 Ego
477 1920 602 1984 Eadric
628 1919 793 1984 minister.
830 1921 896 2000 ,ᾧ
927 1920 1003 2001 Ego
1017 1919 1154 1983 AElfred
1181 1919 1245 1981 mi-

193 2016 312 2082 nister.
363 2018 403 2099 ›1‹
417 2019 495 2102 Ego
511 2019 725 2100 AE’oelgeard
740 2019 906 2083 minister.

659 2200 779 2211 —-——

636 2271 808 2381 monui.

561 2443 780 2543 sionim,
803 2464 878 2528 947.

249 2621 288 2701 ›1‹
327 2617 372 2680 ΙΝ
401 2617 537 2680 nomine
567 2615 623 2678 dei
649 2612 795 2677 summi!
857 2610 1090 2674 Subtilissima
1123 2611 1247 2674 mentis

194 2717 383 2781 certatione
409 2716 510 2779 deum
535 2734 637 2797 quem
667 2712 842 2794 diligimus
870 2717 905 2774 et
932 2709 1102 2773 credimus
1125 2709 1247 2773 intima

194 2817 318 2881 mentis
344 2815 524 2879 affectione
548 2815 729 2878 timeamus
752 2820 786 2875 et
804 2828 968 2886 amemus
984 2809 1065 2891 quia
1088 2809 1247 2890 agonista

196 2922 338 2980 sanctae
359 2914 625 2997 praedicationis
643 2912 801 2977 hortator
818 2910 921 2974 talem
941 2908 1086 2991 protulit
1109 2917 1248 2971 senten-

195 3016 290 3090 tiam,
309 3015 438 3092 dicens,
455 3013 602 3078 ‘Omnia
617 3011 710 3076 nuda
725 3018 760 3074 et
776 3017 895 3093 aperta
910 3015 992 3071 sunt
1007 3026 1122 3072 coram
1139 3007 1247 3071 oculis

195 3113 273 3193 dei,'
289 3121 324 3179 et
341 3134 363 3178 a
378 3114 455 3178 luce
473 3115 584 3197 prima
606 3132 715 3195 usque
738 3106 958 3174 conticinium
980 3107 1248 3188 uniuscuiusque

195 3222 295 3280 actus
325 3215 502 3296 prospicit.
568 3212 652 3276 Ideo
681 3231 746 3292 ego
765 3208 943 3273 Eadredus
967 3226 1030 3270 rex
1053 3205 1247 3288 Anglorum

195 3321 479 3397 caeterarumque
504 3313 658 3395 gentium
682 3312 717 3374 in
744 3309 889 3372 circuitu
908 3306 1164 3391 persistentium
1186 3325 1250 3386 gu-

195 3414 358 3478 bernator
390 3420 424 3477 et
455 3420 579 3489 rector,
606 3411 740 3476 cuidam
777 3428 853 3472 meo
881 3406 975 3470 fideli
1012 3406 1168 3469 ministro
1208 3422 1249 3468 ac

195 3512 307 3591 militi,
325 3513 385 3595 qui
409 3514 444 3576 in
471 3531 555 3589 suae
585 3509 776 3575 uoluntatis
801 3527 842 3570 ac
866 3505 1060 3570 deuotionis
1085 3505 1249 3586 obsequio

195 3613 334 3677 fatendo
361 3631 402 3676 ac
425 3611 599 3695 implendo
626 3616 769 3692 paratus
792 3626 832 3670 ac
854 3611 1035 3688 promptus
1058 3603 1134 3680 fuit,
1154 3609 1189 3666 et
1206 3604 1250 3666 ab

194 3712 401 3776 incunabilis
418 3731 501 3775 suae
519 3709 764 3785 infertilitatis,
781 3726 849 3771 nou
875 3703 1020 3769 fortuitu
1044 3701 1104 3766 sed
1131 3700 1250 3766 uolun-

196 3819 269 3877 tate
287 3808 481 3895 pareutum,
496 3830 620 3875 nomen
638 3803 996 3890 accepitAEhelgeard,
1014 3800 1140 3883 dapsili
1156 3801 1251 3865 dedi-

196 3912 289 3977 tione
313 3910 487 3994 quandam
516 3917 648 3992 partem
674 3907 763 3970 ruris
791 3905 935 3968 libenter
960 3901 1049 3978 dedi,
1076 3898 1135 3963 uhi
1165 3901 1251 3964 iam-

195 4011 326 4075 dudum
343 4011 477 4074 incolae
495 4010 667 4093 prolatum
688 4025 814 4070 nomen
830 4002 994 4067 latialiter
1010 3999 1252 4064 Declaratum·

197 4111 343 4176 Fontem
360 4110 570 4187 indiderunt,
589 4126 680 4173 nunc
697 4125 780 4171 uero
796 4103 893 4168 uerbi
910 4102 1024 4184 gratia
1037 4098 1254 4164 Gewisorum

245 4228 332 4276 rou.
352 4226 386 4276 v.
1077 4216 1103 4262 x
