2888 4890
191 311 257 376 224
450 322 628 382 cunnrnu,
649 326 994 376 Anonossxorucnn.

193 490 305 547 cester
320 482 515 565 appellatur
530 483 726 566 conscripta
745 491 808 569 est,
828 489 904 548 tota
921 486 1126 568 optimatum
1143 502 1248 565 gene-

190 584 328 647 ralitate
347 584 411 646 sub
432 583 497 646 alis
511 583 603 664 regis
618 583 826 666 dapsilitatis
843 585 973 650 ouanti.
1006 584 1249 666 Subscripsere

194 676 383 765 subreguli,
401 683 587 763 Eugenius,
604 682 754 759 Howell,
769 684 939 762 Morrant,
954 684 1101 759 Iudual;
1129 683 1251 749 Archi·

193 783 357 865 episcopi,
372 783 580 848 Wulfelmus
596 783 842 860 Doroberniae‚
858 783 1064 849 Wulstanus
1081 785 1248 858 Eboraci;

196 884 373 965 Episcopi,
407 883 574 963 Burgrice
605 883 780 960 Rofensis,
815 885 944 948 Tedrid
981 884 1249 961 Lundoniensis,

195 982 360 1063 AEbelgar
377 982 606 1046 Orientalium
622 981 828 1064 Anglorum,
849 983 1015 1049 AElsriche
1031 985 1251 1050 Wintonien·

194 1086 254 1160 sis,
285 1082 460 1146 AEliredus
491 1081 777 1159 scireburnensis,
808 1083 1018 1148 Wulielmus
1049 1085 1249 1160 Wellensis,

197 1183 365 1263 AEtielgar
392 1182 590 1260 cridiensis,
619 1183 696 1247 Odu
723 1183 916 1260 WiltensiS,
951 1184 1117 1249 Eadhelm
1154 1184 1250 1248 Sele·

196 1285 316 1358 sensiS,
339 1282 502 1346 Sexhelm
519 1283 630 1348 sancti
651 1282 830 1359 Cu’dberti,
851 1283 994 1348 Tidelus
1015 1284 1249 1348 Hereforden·

196 1385 255 1460 siS,
275 1382 436 1447 AElfwine
453 1382 718 1464 WigorniensiS,
735 1382 838 1448 Kinsi
854 1383 1120 1461 Licitfeldeusis,
1135 1383 1252 1449 Winsi

197 1483 496 1566 Legesestriensis.

628 1682 819 1748 MCXIII.

506 1802 818 1910 *merismu
840 1834 916 1898 937.

255 1987 293 2067 ›1‹
314 1983 415 2063 Qum
431 2002 551 2064 regum
571 1990 669 2063 gesta
685 1991 941 2047 antecessorum
962 1983 1150 2048 laudabilia
1170 1985 1252 2048 reli-

199 2085 375 2167 giosorum
400 2091 436 2147 et
450 2083 643 2166 principum
664 2083 834 2147 iustorum
854 2083 913 2167 qui
933 2085 1080 2148 ueritate
1102 2092 1139 2148 et
1151 2085 1254 2150 iusti-

198 2187 259 2262 tia,
285 2185 431 2249 caritate
457 2191 492 2247 et
522 2183 756 2248 misericordia
785 2183 960 2260 florentes,
989 2192 1127 2265 gentem
1151 2204 1252 2250 suam

200 2285 431 2350 moderamine
460 2283 569 2365 regali
599 2290 772 2360 rexerunt,
800 2291 836 2348 at
865 2284 956 2367 quod
983 2285 1111 2348 bonum
1135 2293 1190 2349 est
1214 2285 1252 2350 in

200 2387 310 2450 oculis
330 2385 385 2448 dei
406 2391 598 2465 gesserunt,
610 2389 780 2470 regumct
799 2383 990 2466 principum
1012 2403 1251 2449 successorum

200 2493 275 2550 tota
289 2485 388 2567 sequi
403 2484 612 2566 praecipitur
629 2483 821 2564 diligentia,
835 2503 954 2547 eorum
972 2484 1133 2566 exempla
1148 2505 1253 2567 prae·

200 2586 259 2650 uia
273 2585 405 2649 cunctis
419 2585 630 2667 inposterum
645 2583 802 2659 dilatare,
819 2591 857 2648 ut
872 2584 969 2648 sicin
984 2584 1052 2648 illis
1066 2585 1256 2666 impleatur

202 2685 293 2767 quod
316 2685 481 2766 scriptum
502 2691 567 2759 est,
584 2682 799 2747 ‘Multitudo
815 2684 1022 2766 sapientium
1043 2684 1176 2749 sanitas
1197 2695 1254 2752 ast

201 2786 293 2849 orbis
323 2785 512 2850 terrarum'
576 2782 678 2847 Unde
709 2802 774 2863 ego
804 2784 988 2848 AEttelstau
1016 2784 1124 2849 totius
1152 2785 1253 2850 locu·

200 2886 314 2950 lentae
331 2883 549 2949 Brittanniae
564 2902 640 2959 rex,
654 2883 905 2966 possessionem
929 2892 1070 2949 sanctae
1094 2884 1150 2948 dei
1172 2905 1252 2950 aec·
1283 2885 1292 2896 '

201 2986 326 3049 clasiae
358 2984 553 3048 Wentanae
587 3002 691 3064 quam
725 3002 877 3065 proauus
908 3003 1005 3048 meus
1038 2982 1148 3049 Atulf
1177 3005 1252 3065 rex,

126 3143 128 3147 ,
201 3087 312 3149 iustus
337 3091 371 3148 et
398 3085 578 3165 benignus,
593 3082 659 3146 deo
683 3089 718 3146 et
742 3083 870 3147 sanctis
898 3085 1064 3167 apostolis
1085 3083 1192 3149 Petro
1216 3093 1254 3150 et

202 3185 314 3250 Paulo
332 3184 467 3259 obtulit,
482 3189 627 3264 rogante
646 3202 701 3245 me
720 3183 909 3248 uenerabili
928 3184 1134 3268 Christoque
1154 3205 1253 3250 ama-

201 3286 261 3350 bili
285 3283 458 3366 AElphego
480 3283 630 3347 eiusdem
654 3283 841 3347 aecclesiae
861 3283 1035 3366 pontifice,
1054 3285 1090 3348 in
1115 3287 1254 3352 nomine

202 3392 343 3450 sanctae
358 3385 524 3449 trinitatis
541 3402 680 3458 renouo,
686 3390 825 3466 tamque
841 3404 904 3465 pro
919 3372 1071 3448 omnium
1084 3389 1253 3467 praeteri·

202 3494 315 3550 torum
339 3504 442 3567 quam
470 3491 505 3548 et
531 3483 723 3546 futurorum
750 3503 870 3565 regum
900 3481 1105 3566 Anglorum,
1130 3487 1191 3549 sed
1218 3495 1255 3552 et

205 3607 266 3668 pro
284 3592 485 3649 cunctorum
503 3583 661 3647 uiuorum
684 3590 718 3647 et
741 3591 953 3648 mortuorum
977 3585 1157 3649 animabus
1176 3584 1259 3660 An<

203 3687 350 3768 giorum,
363 3685 465 3748 etiam
482 3690 516 3747 et
538 3702 635 3746 meae
656 3682 765 3765 ipsius
783 3685 917 3748 animae
936 3704 999 3766 pro
1017 3685 1254 3767 redemptione

203 3787 248 3850 ad
265 3803 428 3869 praeseus
445 3783 595 3859 stabilio,
613 3782 776 3847 adiurans
796 3804 857 3865 per
870 3803 985 3866 regem
1004 3784 1199 3863 coelestem,
1213 3796 1256 3853 ut

203 3886 318 3949 nullus
345 3903 464 3965 regum
487 3883 646 3947 nullusue
672 3882 865 3966 principum
886 3903 962 3948 eam
984 3885 1166 3949 immutare
1188 3887 1255 3952 ali·

203 3986 340 4067 quando
362 3990 570 4066 praesumat.
623 3983 782 4065 Denique
806 4005 867 4048 rex
897 3983 1074 4066 praefatus
1088 3983 1255 4066 Adultus,

202 4085 285 4167 quia
298 4103 387 4147 unus
402 4083 604 4148 clericorum
620 4082 782 4146 basilicae
797 4084 992 4148 Weutauae
1009 4091 1091 4149 aute
1108 4105 1255 4167 regnum
