2888 4890
438 370 622 423 ‚canarno
644 369 989 423 Anonosnxomcnn.
1178 349 1243 417 201

548 656 552 686 1
612 627 782 694 mciv.

521 730 813 855 marusim,
835 775 912 885 oar.

194 974 204 981 -
246 928 545 1012 ›1⁴‹Conr1nun‘r
572 948 636 993 nos
664 947 785 993 sacrae
813 926 1031 991 auctoritatis
1047 927 1242 1010 scriptura,

190 1027 321 1106 dicens,
343 1028 488 1105 {Nudus
513 1048 672 1111 egressus
694 1048 772 1091 sum
793 1047 840 1092 ex
865 1033 964 1090 utero
988 1026 1109 1091 matris
1133 1047 1242 1107 meae,

191 1136 227 1194 et
243 1129 356 1195 nudus
381 1137 535 1194 reuertar
551 1129 632 1198 illuc
644 1128 666 1209 3'
688 1135 724 1193 et
745 1127 882 1204 iterum,
898 1132 908 1164 ‘
923 1125 1041 1195 Nichil
1063 1127 1242 1191 intulimus

192 1229 228 1299 in
250 1229 340 1295 hunc
361 1229 538 1307 mundum,
561 1248 682 1292 uerum
703 1247 766 1292 nec
792 1228 836 1291 ab
858 1246 899 1290 eo
921 1225 1056 1293 auferre
1078 1227 1159 1308 quid
1182 1247 1240 1310 po-

192 1328 358 1393 terimus!
409 1327 632 1412 Quapropter
657 1328 779 1392 lubrici
802 1333 1002 1410 potentatus
1031 1346 1101 1390 non
1123 1327 1241 1392 imme-

191 1447 277 1506 mor,
295 1448 361 1510 ego.
380 1427 577 1507 AEitelstan,
596 1427 734 1492 Christo
753 1426 963 1503 conferente,
985 1446 1047 1495 rex
1070 1433 1105 1490 et
1127 1428 1242 1508 primi-

191 1528 302 1595 cerius
316 1529 427 1594 tocius
440 1527 599 1593 Albionis
610 1529 707 1611 regni
719 1526 897 1609 fastigium
910 1525 1030 1590 humili
1043 1527 1242 1608 praesidens

194 1627 318 1706 animo,
347 1630 392 1694 ob
417 1630 726 1694 remunerationem
748 1628 888 1692 maioris
913 1626 1069 1709 praemii,
1084 1627 1241 1710 aliquan·

194 1728 301 1797 tulam
326 1728 415 1796 ruris
444 1729 650 1812 particulam
677 1750 722 1794 .v.
749 1735 983 1811 comparatam
1015 1727 1161 1793 cassatis
1186 1729 1241 1792 cui

193 1828 411 1907 uocabulum,
443 1837 539 1895 certa
561 1829 818 1913 astipulatione,
848 1827 1028 1910 Swynford
1058 1827 1241 1910 profertur,

194 1927 238 1991 ad
260 1929 462 1995 aecclesiam
484 1931 607 1994 beatae
629 1929 765 1994 Mariae
787 1928 962 2010 genitricis
980 1928 1035 1991 dei
1057 1946 1097 1991 ac
1115 1928 1242 1991 domini

195 2029 304 2097 nostri
323 2027 427 2093 Ihesu
444 2028 573 2094 Christi
590 2031 627 2094 in
646 2030 722 2094 loco
740 2030 800 2111 qui
825 2029 951 2094 dicitur
972 2025 1182 2104 Abbandnn‚
1197 2029 1241 2091 ad

194 2147 277 2197 usus
291 2128 416 2196 ibidem
427 2129 576 2195 fratrum
597 2131 661 2194 deo
678 2129 899 2193 seruientium
919 2129 1065 2191 libenter
1080 2128 1242 2205 concedo,

194 2229 379 2295 obsecrans
401 2238 436 2294 et
459 2230 672 2313 praecipiens
698 2230 732 2292 in
757 2229 893 2292 nomine
921 2227 1049 2292 Christi
1078 2235 1117 2291 ut
1144 2247 1244 2291 nemo

195 2347 431 2397 successorum
446 2337 643 2395 nostrorum
658 2330 845 2411 superioris
861 2329 917 2392 uel
931 2327 1102 2391 inferioris
1115 2327 1244 2409 gradus

195 2428 258 2492 hoc
282 2436 420 2502 nostrae
441 2429 634 2494 deuotionis
657 2431 784 2495 donum
811 2429 927 2511 aliquo
950 2428 1154 2492 temeritatis
1180 2428 1243 2492 ali-

195 2536 368 2611 quatenus
394 2531 559 2595 instinctu
587 2531 787 2613 disrumpat.
839 2530 893 2594 Sit
923 2536 1037 2593 autern
1068 2527 1245 2610 praedicta

196 2629 309 2708 tellus,
332 2650 434 2712 quarn
464 2650 530 2712 ego
557 2650 635 2694 curn
663 2648 832 2695 consensu
857 2628 1063 2712 optimatum
1090 2648 1243 2693 meorum

194 2730 352 2812 praefato
368 2730 516 2813 largitus
540 2750 615 2794 sum
639 2730 816 2802 coenobio,
832 2730 876 2792 ab
892 2729 984 2794 omni
1000 2736 1155 2793 terrenae
1170 2747 1242 2793 ser·

196 2830 316 2894 nitutis
333 2831 416 2913 iugo
443 2831 563 2909 libera,
581 2831 691 2895 tribus
714 2830 767 2893 his
791 2830 958 2911 exceptis,
980 2839 1059 2893 rata
1082 2828 1243 2894 uidelicet

195 2930 426 3012 expeditione,
459 2932 574 3014 pontis
608 2931 741 2994 arcisue
770 2930 1029 2994 restauratione.
1098 2929 1135 2993 Si
1165 2929 1243 3012 quis

195 3035 321 3107 autem,
346 3031 516 3095 laruarico
542 3030 727 3095 instinctus
758 3030 893 3112 spiritu,
925 3029 989 3093 hoc
1019 3029 1144 3093 donum
1167 3029 1242 3094 uio·

194 3130 267 3194 lare
299 3131 354 3194 uel
382 3132 554 3194 inmutare
581 3129 888 3214 praesumptuosus
913 3130 1148 3212 temptauerit,
1176 3130 1244 3194 nisi

194 3231 298 3313 digna
328 3231 564 3296 satisfactione
587 3239 667 3296 ante
692 3233 824 3296 obitum
854 3249 954 3294 suum
980 3249 1059 3293 reus
1085 3231 1243 3312 poenitu-

193 3331 270 3409 erit,
296 3332 444 3396 aetemis
469 3333 600 3396 baratri
623 3338 816 3414 prostratus
847 3330 1014 3394 incendiis
1048 3350 1124 3394 enm
1155 3329 1245 3394 Iuda

195 3430 325 3497 Christi
340 3429 516 3514 proditore
532 3432 751 3496 aeternaliter
765 3430 922 3512 lugubris
937 3431 1112 3512 puniatur.
1160 3429 1244 3494 Ter·

194 3532 282 3597 mini,
305 3552 388 3596 uero
417 3532 518 3597 huius
550 3531 726 3614 praefatae
756 3531 890 3594 telluris
919 3531 955 3593 in
988 3529 1076 3595 libro
1105 3529 1164 3611 qui
1199 3530 1243 3595 ad

195 3633 414 3715 Cumanoran
444 3633 593 3715 pertinet
624 3632 754 3714 scripta
782 3631 961 3694 habentur.
1031 3629 1167 3711 Scripta
1191 3636 1244 3693 est

192 3734 470 3816 siquidemhaec
500 3733 635 3797 cartula
662 3751 753 3796 anno
780 3731 970 3795 dominicae
997 3729 1242 3793 incarnationis

193 3833 684 3898 ·.ncccc⁰.xxx1⁰.indictione
712 3849 794 3897 ‚run
835 3831 953 3894 cuius
992 3828 1095 3893 ctiam
1124 3830 1243 3893 incon·

191 3953 315 3999 cussae
335 3933 508 3998 firmitatis
528 3933 717 3997 auctoritas
742 3932 795 3996 his
813 3932 959 3996 testibus
980 3931 1141 3994 roborata
1158 3949 1241 3994 con·

190 4044 276 4113 stat,
292 4054 438 4116 quorum
454 4035 593 4098 nomina
608 4035 730 4097 subtus
748 4038 970 4096 annotantur.

198 4206 201 4210 Δ
248 4138 288 4218 ›1‹
312 4135 389 4217 Ego
406 4134 631 4199 AE’delstanus
651 4134 835 4217 singularis
854 4131 1026 4215 priuilegii
1046 4130 1245 4195 monarchia
