2888 4890
356 446 362 454 ‚
454 370 630 419 curaris
653 371 995 421 arenosuxcurcin.
1181 353 1247 418 149

191 534 254 590 ter.
312 529 351 609 ›1‹
379 528 455 610 Ego
473 523 632 594 Wulsrcd
659 514 824 592 minister.
881 528 921 608 ›1‹
948 527 1024 610 Ego
1049 523 1243 591 Wullbelm

190 627 360 693 minister.
416 631 454 712 ›1‹
478 628 556 710 Ego
573 629 770 694 Beorustan
785 625 951 691 minister.

656 809 777 822 .—

587 920 860 988 uuxxvlu.

355 1044 644 1140 uiuwunsn
674 1072 738 1137 os
762 1070 980 1148 wussux,
1002 1071 1079 1135 901.

248 1224 289 1304 *1⁴
309 1222 356 1287 IN
371 1223 510 1287 nomine
526 1221 742 1286 altitonantis
764 1219 882 1282 mundi
900 1220 1047 1284 satoris!
1087 1219 1240 1284 Prouida

190 1339 344 1405 namque
360 1321 559 1386 iamdudum
573 1340 614 1386 ac
630 1320 835 1404 praeualens
848 1320 1090 1384 aecclesiarum
1106 1321 1239 1385 censuit

192 1419 376 1500 institutio,
402 1421 726 1504 obseruandumque
747 1419 1009 1484 succedentibus
1039 1418 1239 1485 diffinitione

189 1521 393 1585 cautissima
423 1521 586 1599 decreuit,
608 1528 649 1584 ut
674 1520 832 1584 dationes
859 1519 1089 1602 piissimorum
1118 1523 1239 1601 'regum

192 1639 257 1702 pro
289 1621 446 1685 mutabili
479 1629 672 1705 temporum
705 1618 876 1683 uarietate
910 1626 1082 1683 cartarum
1119 1639 1239 1684 monu-

192 1720 319 1783 mentis
334 1721 482 1799 tradere,
499 1723 632 1803 subque
654 1719 850 1783 tcstimonio
872 1718 1079 1801 cyrographi
1100 1720 1240 1784 conclu-

189 1817 285 1896 dere,
313 1821 496 1902 quominus
528 1822 707 1903 ingruente
746 1817 901 1899 caligosa
933 1818 1105 1882 obliuione
1142 1820 1240 1901 origo

156 1918 161 1926 '
192 1919 351 1984 ueritatis
364 1926 572 1985 cassaretur.
608 1918 754 1994 Idcirco,
766 1917 1016 2000 praesentibus,
1028 1918 1239 1997 absentibus,

191 2019 341 2100 posteris
358 2020 505 2096 cunctis,
522 2018 623 2083 huius
639 2017 876 2100 descriptionis
891 2024 1008 2081 tenore
1031 2017 1239 2096 declaratur,

190 2118 277 2200 quia
291 2118 482 2184 Eadweard
500 2117 901 2200 Angul-Saxonum,·dei
922 2116 1036 2198 gratia
1053 2126 1237 2195 annuente,

139 2279 143 2285 .
191 2236 267 2294 rex,
296 2218 450 2301 aliquam
476 2218 582 2300 agelli
611 2226 743 2300 partem
774 2217 904 2299 proprii
929 2216 1014 2280 iuris
1043 2216 1174 2281 donans
1203 2217 1238 2281 in

192 2322 395 2400 perpetuam
412 2318 664 2402 possessionem
683 2317 757 2381 iure
777 2315 1007 2380 haereditario
1029 2317 1238 2382 AEttelwulfo

191 2416 356 2496 concedo,
372 2437 505 2502 proque
521 2418 595 2482 eius
612 2416 754 2481 amabili
772 2416 983 2480 subiectione
1001 2435 1042 2480 eo
1059 2416 1190 2480 firmius
1206 2418 1238 2482 ei

188 2518 377 2583 corroboro
398 2517 556 2603 prefatae
584 2517 719 2581 telluris
746 2514 1029 2597 magnitudinem,
1048 2516 1085 2579 id
1107 2522 1161 2580 est
1184 2534 1237 2583 .Χ.

194 2623 409 2682 cassatorum
426 2619 462 2682 in
479 2616 556 2682 loco
573 2616 632 2700 qui
654 2616 779 2679 dicitur
793 2615 828 2679 bi
843 2613 965 2696 Wilig,
986 2634 1065 2678 cum
1080 2616 1238 2680 omnibus

195 2715 375 2782 adserito
392 2717 651 2800 pertinentibus,
669 2715 705 2779 id
727 2721 792 2791 est,
813 2715 935 2797 pratis,
956 2715 1106 2797 pascuis,
1128 2715 1238 2794 siluis,

193 2815 307 2898 aquis,
329 2836 564 2899 aquarumque
587 2815 800 2892 decursibus,
817 2822 857 2878 ut
873 2814 1000 2878 habeat
1015 2822 1050 2878 et
1067 2814 1240 2897 pos‘sideat

193 2914 430 2999 foelicitcrque
451 2916 622 2980 condonet
643 2915 845 2995 cuicumque
862 2913 1011 2978 nolucrit
1027 2915 1063 2976 in
1082 2915 1239 2979 omnibns

194 3032 280 3085 cum,
298 3015 408 3080 libero
440 3016 564 3079 mentis
593 3015 758 3092 arbitri0;
792 3014 824 3076 ei
852 3014 1011 3096 equidem
1033 3014 1176 3077 liberam
1203 3016 1239 3078 in

194 3114 353 3180 omnibns
367 3115 561 3199 praefatam
577 3114 823 3179 conscribimus
841 3120 981 3190 terram,
995 3122 1133 3196 praeter
1149 3115 1238 3179 arcis

195 3214 430 3293 munitionem,
463 3223 499 3279 ct
535 3215 652 3296 pontis
687 3214 992 3291 constructionem,
1029 3219 1065 3277 et
1096 3213 1240 3295 expedi-

193 3312 336 3380 tionem.
386 3314 463 3378 Ista
483 3334 566 3378 uero
588 3314 849 3396 praenominata
874 3313 976 3377 tellus
998 3313 1155 3396 primitus
1174 3312 1240 3377 fuit

193 3413 413 3496 praepeditus
449 3433 472 3477 a
510 3413 661 3495 quodam
691 3411 789 3490 duce,
815 3413 951 3475 nomine
979 3411 1174 3488 Wulshere,
1204 3421 1240 3477 ct

192 3511 269 3576 eins
290 3533 410 3590 uxore,
432 3513 572 3596 quando
599 3513 659 3577 ille
684 3519 868 3593 utrumque
888 3517 924 3574 ct
945 3531 1044 3574 suum
1067 3510 1238 3574 dominum

193 3631 308 3695 regem
326 3611 518 3676 AElfredum
545 3620 581 3677 et
601 3613 749 3694 patriam
774 3609 866 3673 ultra
884 3608 1121 3673 iusiurandum
1136 3629 1240 3691 quam

192 3711 268 3793 regi
304 3717 342 3776 et
378 3712 450 3776 suis
470 3720 472 3725 '
489 3713 648 3776 omnibus
684 3708 907 3792 optimatibus
949 3707 1124 3772 iurauerat
1166 3710 1240 3774 sine

192 3801 339 3875 licentia
359 3810 565 3894 dereliquit3
592 3819 673 3875 tunc
699 3809 816 3885 etiam,
840 3827 917 3870 cum
941 3808 1092 3871 omnium
1114 3804 1241 3873 iudicio

191 3910 399 3993 sapientium
424 3910 631 3976 Geuisorum
657 3915 692 3973 ct
719 3907 961 3984 Merceusinm,
977 3914 1184 3989 potestatem
1207 3918 1242 3974 et

193 4009 438 4075 haereditatem
461 4009 644 4092 dereliquit
667 4027 848 4089 agrorum3
877 4026 966 4070 nunc
984 4026 1067 4070 uero
1088 4007 1124 4069 in
1147 4008 1241 4073 calce

194 4108 302 4175 huius.
319 4110 538 4196 syngraphae
562 4109 755 4190 legentibus
784 4115 819 4171 ct
843 4106 1060 4170 audientibus
1085 4107 1242 4173 omnibus
