2888 4890
270 389 313 453 20
522 405 695 453 CHARTAE
719 403 1068 452 auctosnxomcnn.

274 563 365 647 apud
388 562 614 628 Deddeuuriie
638 581 715 628 .xx.
738 583 876 628 mansas
905 563 998 647 apud
1025 561 1197 626 Ebesham
1219 558 1331 624 .xxxss

275 664 368 746 apud
402 664 545 729 Euuella
581 685 660 730 cum
699 664 884 730 Cotintone
916 681 995 728 .xx.
1031 662 1122 746 apud
1139 660 1332 742 'Cegeham

276 784 353 827 cum
369 785 550 848 porcorum
568 766 707 848 pascuis
724 766 759 829 in
776 765 965 828 Danewald
983 781 1063 828 .xx.
1078 762 1170 846 apud
1177 760 1333 825 Bocham

277 883 354 928 cum
372 865 585 947 Effingeham
606 883 691 935 .xx,
710 866 801 947 apud
827 865 1002 930 Coueham
1026 884 1102 927 cum
1119 863 1334 927 Pontintone

279 981 323 1030 Ν.
341 966 440 1049 ,αρυᾱ
457 966 582 1030 Essere
606 987 684 1030 cum
709 968 861 1050 quinque
887 965 1016 1030 mansis
1048 964 1140 1047 apud
1158 963 1251 1045 Epse
1279 978 1333 1024 .x.

278 1066 368 1147 apud
389 1065 583 1131 Clenedone
608 1068 694 1131 etin
713 1067 823 1131 altera
839 1066 1101 1131 Glenedone.11.
1117 1053 1210 1146 apud
1228 1061 1336 1128 Alde·

278 1166 356 1229 buri
380 1171 479 1230 .11u⁰‘.
516 1167 607 1250 apud
639 1167 832 1250 comptone
859 1184 901 1233 .v.
932 1166 1024 1249 apud
1058 1165 1196 1228 Henlea
1226 1180 1335 1227 ,xxm

279 1266 370 1348 apud
393 1267 610 1332 Wincheseld
637 1288 715 1331 cum
744 1267 918 1333 Elsteham
953 1266 1047 1349 apud
1075 1264 1212 1349 Byflete
1241 1280 1335 1327 ‚vuu

278 1385 418 1431 mansas
448 1387 525 1431 cum
552 1368 765 1450 Weibrugge
795 1386 846 1433 .x.
877 1367 970 1451 apud
996 1366 1172 1430 walsam.
1233 1363 1337 1427 Haec

279 1486 361 1548 ergo
379 1468 692 1532 donatio'talitera
716 1469 813 1532 nobis
833 1487 998 1532 concessa
1015 1473 1068 1530 est
1083 1474 1118 1531 et
1132 1464 1339 1530 confirmata

280 1575 320 1632 ut
349 1569 392 1631 ab
419 1569 512 1632 omni
537 1569 618 1650 iugo
654 1569 820 1632 mundiali
847 1569 893 1633 sit
923 1568 1032 1632 libera
1065 1574 1100 1631 et
1126 1564 1336 1629 inuiolabilis

280 1677 492 1749 permaneat.
538 1669 668 1752 Siquis
685 1690 768 1733 uero
790 1669 879 1733 hano
907 1668 1127 1733 donationem
1153 1666 1209 1730 uel
1233 1666 1338 1728 liber·

281 1775 388 1832 tatem
409 1788 536 1852 augere
561 1769 720 1847 uoluerit,
739 1770 911 1851 adaugeat
929 1769 1146 1851 omnipotens
1164 1767 1249 1830 deus
1270 1765 1338 1830 sibi

282 1868 487 1950 longaeuum
512 1870 547 1932 in
569 1870 633 1934 hoc
656 1871 795 1935 saeculo
813 1871 943 1944 uitam3
968 1877 1004 1934 et
1022 1876 1102 1952 post
1118 1869 1217 1931 finem
1234 1866 1337 1930 istius

282 1969 376 2034 uitae
408 1969 566 2033 coelestis
607 1971 704 2051 regni
741 1970 998 2035 iocunditatem.
1065 1968 1102 2032 Si
1133 1969 1210 2050 quis
1241 1986 1340 2044 uero,

283 2069 375 2151 quod
416 2089 485 2133 non
517 2071 690 2152 optandae,
724 2070 825 2134 huius
858 2070 985 2134 decreti
1019 2069 1250 2152 syngrapham
1284 2068 1341 2138 in-,

283 2168 432 2251 fringere
449 2171 683 2252 temptauerit,
697 2180 759 2235 aut
776 2171 877 2235 aliter
894 2190 997 2252 quam
1012 2188 1033 2232 a
1050 2171 1150 2233 nobis
1167 2175 1339 2233 statutum

284 2277 337 2333 est
353 2277 488 2334 mutare
504 2271 686 2348 studuerit,
702 2272 747 2336 sit
770 2291 791 2335 a
811 2272 986 2336 consortio
1004 2270 1192 2334 aecclesiae
1208 2267 1341 2333 Christi

283 2378 318 2433 et
342 2389 364 2433 a
386 2371 531 2452 collegio
558 2376 753 2435 sanctornm
777 2371 833 2435 hic
859 2368 898 2435 et'
920 2372 954 2434 in
983 2366 1100 2435 futuro
1122 2375 1340 2451 segregatuS,

283 2489 433 2555 parsque
454 2469 528 2534 eius
555 2491 632 2534 cum
653 2471 769 2535 auaris
791 2472 1041 2554 rapacibusque
1064 2478 1225 2553 ponatur,
1248 2469 1342 2533 eius-

284 2589 352 2652 que
378 2571 541 2654 ligamine
567 2591 605 2635 se
632 2573 721 2636 sciat
743 2592 819 2636 esse
846 2573 1070 2637 constrictum
1092 2571 1147 2634 cui
1166 2569 1340 2648 ChristuS,

284 2671 400 2734 claues
415 2672 514 2754 regni
532 2672 691 2736 coelestis
708 2672 963 2750 commendans,
981 2672 1042 2749 ait,
1060 2671 1137 2734 ‘Tu
1158 2690 1195 2734 es
1210 2670 1341 2734 Petrus

284 2779 320 2834 et
341 2791 445 2853 super
463 2771 551 2835 hanc
575 2779 710 2854 petram
728 2773 915 2837 aedificabo
933 2772 1135 2837 aecclesiam
1161 2790 1286 2847 meam,
1303 2778 1343 2835 et

284 2870 348 2934 tibi
374 2871 463 2935 dabo
488 2871 605 2935 claues
627 2871 725 2953 regni
752 2874 938 2950 coelorum,
954 2881 990 2937 et
1007 2872 1234 2955 quodcunque
1250 2871 1342 2952 liga·

285 2971 376 3033 ueris
401 2978 650 3053 superterram
676 2971 742 3035 erit
757 2974 902 3055 ligatum
926 2981 960 3038 et
984 2974 1019 3036 in
1041 2973 1158 3050 coeliS,
1176 2972 1341 3054 etquod-

285 3089 421 3153 cunque
437 3072 582 3136 solueris
598 3080 842 3154 superterram
860 3075 925 3138 erit
943 3074 1094 3137 solutum
1110 3080 1145 3137 et
1159 3074 1192 3136 in
1212 3071 1344 3136 coelis?

286 3169 447 3253 Namque
482 3172 593 3236 adhuc
627 3193 690 3255 pro
723 3173 882 3257 ampliori
916 3174 1089 3238 firmitatis
1120 3179 1343 3251 testamento,

286 3272 481 3337 omnimodo
507 3273 735 3356 praecipimus
762 3281 866 3356 atque
893 3274 1134 3356 praecipiendo
1163 3293 1343 3339 monemus

285 3379 320 3434 et
338 3373 569 3449 obsecramus,
589 3380 628 3436 ut
652 3383 790 3439 maneat
813 3376 882 3438 ista
903 3375 1045 3438 donatio
1069 3381 1174 3456 atque
1198 3373 1343 3439 libertas

284 3469 515 3537 insolubiliter
535 3474 579 3537 ab
602 3474 692 3538 omni
719 3474 888 3539 saeculari
911 3475 1080 3539 seruitute
1105 3475 1284 3539 exinanita
1307 3482 1344 3539 et

284 3572 501 3651 inconcussa,
519 3580 560 3636 ut
581 3574 827 3656 praediximus,
847 3595 925 3639 cum
949 3576 1108 3638 omnibus
1138 3595 1198 3658 per
1218 3574 1343 3639 circui-

285 3680 359 3736 tum
378 3673 421 3736 ad
440 3693 476 3737 se
498 3673 564 3739 rite
588 3675 851 3756 pertinentibus,
867 3676 1011 3752 scilicet,
1029 3671 1172 3759 campis,
1189 3675 1342 3758 pascuiS,

286 3773 409 3856 pratia,
427 3773 536 3851 siluis,
559 3777 670 3857 aquis,
688 3776 822 3857 stagnis
842 3783 878 3839 et
894 3776 1024 3840 riualis.
1078 3776 1213 3841 Idcirco
1240 3776 1343 3839 huius

285 3873 483 3937 donationis
507 3881 541 3938 et
561 3875 831 3940 confirmationis
858 3875 1126 3941 munificentiam
1150 3884 1220 3941 tam
1249 3877 1342 3940 firm-

285 3973 352 4038 iter
369 3981 404 4039 et
419 3974 638 4039 immobiliter
655 3976 863 4058 imperamus
886 3976 1072 4053 obseruari,
1092 3978 1174 4060 quia
1196 3997 1258 4059 pro
1276 3977 1342 4040 hoc

286 4073 330 4136 ab
361 4075 588 4156 omnipotenti
611 4075 748 4140 domino
778 4077 937 4142 coelestis
969 4078 1067 4160 regni
1096 4077 1342 4142 beatitudinem

285 4192 464 4256 speramus
492 4176 659 4260 accipere,
683 4177 742 4241 illo
770 4177 939 4260 largiente
967 4179 1022 4241 cui
1052 4186 1104 4242 est
1134 4178 1253 4256 honor,
1278 4198 1343 4260 po·
