2888 4890
245 358 267 420 2
500 375 672 422 onsurae
699 372 1044 421 ancnosnxonrcan.

248 530 412 593 nitionem
436 530 565 594 domini
588 529 765 595 Laurentii
794 530 1042 614 archiepiscopi
1074 548 1262 594 conuersus
1285 547 1308 592 a

250 631 424 714 prauitate
446 631 539 694 uitae
566 650 674 707 meae,
694 650 757 713 pro
781 631 1015 713 recuperanda
1037 630 1150 694 salute
1173 630 1308 694 animae

251 750 348 794 meae
382 750 513 813 proque
549 751 610 813 spe
653 732 937 795 remunerationis
971 731 1121 808 suturae,
1157 729 1309 794 concedo

252 830 440 895 aecclesiae
458 830 588 894 Christi
608 831 643 893 in
662 829 879 895 Dorobernia
901 839 936 895 et
953 831 1103 895 familiae
1127 830 1164 892 in
1188 827 1309 892 eadem

253 930 421 994 aecclesia
437 929 502 994 deo
519 930 694 1009 seruienti,
711 938 839 994 terram
858 931 942 994 iuris
959 931 1025 994 mei
1043 929 1181 993 nomine
1197 927 1309 993 Ades·

253 1029 345 1106 ham,
363 1049 440 1093 cum
464 1031 606 1112 campis,
629 1030 740 1108 siluis,
757 1031 907 1113 pascuis,
925 1038 961 1094 et
982 1030 1141 1094 omnibus
1164 1027 1210 1093 ad
1232 1047 1309 1092 eam

254 1131 320 1194 rite
354 1130 617 1211 pertinentibus,
643 1131 784 1195 liberam
812 1132 856 1194 ab
884 1131 1041 1194 omnibus
1074 1128 1310 1194 saecularibus

255 1229 408 1294 seruitiis
424 1238 458 1294 et
479 1230 589 1294 fiscali
605 1231 747 1309 tributo,
765 1231 921 1312 exceptis
938 1230 1015 1295 istis
1030 1230 1153 1307 tribus,
1170 1227 1311 1312 expedi·

258 1331 362 1408 tione,
379 1331 493 1414 pontis
511 1330 647 1395 arcisue
663 1331 931 1395 constructione.

598 1718 988 1791 DCCCCLXXXIV.

429 1869 738 1935 *UULFHERE
762 1869 826 1934 OF
850 1868 1060 1948 MERCIA,
1076 1870 1153 1935 664.

263 2044 265 2048 ·
322 2020 362 2101 ›1‹
402 2017 595 2082 Wunsnaa
634 2016 689 2081 dei
725 2017 891 2084 beneficio
928 2038 988 2082 rex
1032 2018 1241 2083 Marciorum
1279 2028 1317 2084 et

260 2119 592 2184 Mediterraneorum
610 2115 815 2199 Anglorum,
833 2119 1036 2183 australium
1055 2138 1193 2202 quoque
1214 2139 1316 2201 regn-

260 2240 368 2301 orum,
408 2218 649 2301 praesentibus
687 2227 722 2282 et
760 2219 908 2302 posteris
946 2219 1104 2283 omnibus
1138 2217 1315 2284 Christum

260 2328 485 2402 sanctamque
526 2318 600 2382 eius
642 2318 844 2383 aecclesiam
877 2319 1082 2396 colentibus,
1112 2328 1315 2402 perpetuam

259 2421 429 2485 salutem!
499 2417 689 2482 Benedicat
719 2419 834 2483 anima
862 2438 939 2483 mea
966 2419 1140 2483 dominum
1174 2419 1315 2484 Ihesum

260 2521 469 2585 saluatorem
513 2538 638 2595 meum,
681 2526 718 2583 et
759 2538 874 2583 coram
914 2520 1071 2586 omnibus
1116 2520 1315 2585 uiuentibus

262 2621 428 2685 confitear
456 2620 500 2696 ei,
527 2638 606 2682 cum
636 2619 800 2683 fratribus
829 2627 864 2683 et
891 2620 1065 2684 sororibus
1091 2621 1177 2684 meis
1206 2640 1315 2703 popu·

261 2721 374 2804 lisque
395 2721 480 2783 meis
500 2739 591 2783 nouo
611 2738 720 2800 nuper
735 2719 944 2803 baptismate
965 2719 1132 2799 initiatis;
1159 2721 1241 2803 quia
1263 2721 1317 2787 sol

262 2820 416 2884 iustitiae
432 2827 529 2884 ortus
547 2825 603 2882 est
626 2819 737 2895 nobis,
755 2819 813 2902 qui
831 2838 894 2882 nos
912 2819 954 2883 de
970 2820 1120 2884 tenebris
1136 2819 1318 2885 idolatriae

263 2920 442 2985 transtulit
467 2920 504 2984 in
534 2917 735 2982 admirabile
765 2920 880 2983 lumen
908 2938 992 2984 suae
1017 2921 1225 3002 agnitionis3
1258 2921 1317 3004 qui

206 3035 208 3039 ·
263 3040 332 3085 non
349 3020 461 3085 solum
485 3038 562 3084 reos
585 3019 738 3100 paternis
760 3020 933 3083 erroribus
948 3020 1099 3084 absoluit
1114 3027 1149 3085 et
1163 3020 1317 3085 aduenas

263 3129 298 3185 et
330 3120 481 3203 pupillos
516 3119 682 3200 suscepit,
706 3118 766 3182 sed
794 3119 899 3183 etiam
930 3121 967 3183 in
997 3119 1086 3183 filios
1121 3119 1317 3204 adoptionis

263 3219 441 3285 credentes
457 3219 579 3302 elegit3
599 3238 746 3301 cumque
763 3227 903 3283 aeterna
920 3239 1028 3301 regna
1047 3221 1197 3284 omnium
1215 3240 1316 3302 regn·

262 3340 359 3385 orum
386 3320 587 3383 distributor
605 3319 677 3382 suis
701 3318 857 3383 fidelibus
885 3320 1130 3402 repromiserit,
1148 3321 1252 3385 etiam
1280 3322 1316 3385 in

263 3421 329 3485 hac
359 3421 455 3484 breui
490 3419 576 3496 nita,
603 3437 673 3501 qua
700 3418 744 3482 ad
775 3420 1016 3484 aeternitatem
1048 3421 1226 3499 transitur,
1253 3441 1316 3485 nos

264 3539 408 3602 regnare
445 3520 540 3584 facit.
603 3517 695 3598 Quid
729 3538 812 3601 ergo
844 3520 1031 3585 retribuam
1069 3520 1220 3596 domino,
1254 3541 1317 3604 pro

267 3619 425 3684 omnibus
454 3638 542 3701 quae
560 3619 720 3684 retribuit
735 3619 829 3697 mihi,
845 3640 923 3684 cum
941 3620 1015 3684 sine
1038 3620 1115 3702 ipso
1136 3620 1241 3684 nichil
1260 3620 1320 3684 ha-

266 3722 421 3797 beamus,
451 3718 556 3782 nichil
583 3720 772 3796 ualeamus,
796 3719 968 3802 nichilque
1000 3719 1129 3784 simus!
1187 3721 1320 3802 Magna

266 3821 371 3885 etiam
388 3818 557 3884 auiditate
574 3820 697 3883 salutis
713 3827 851 3884 nostrae
869 3820 1021 3883 omnium
1035 3819 1179 3902 largitor
1193 3821 1320 3903 accipit

265 3940 375 4005 parua
397 3928 433 3985 et
455 3919 574 3983 infima
593 3927 712 3983 nostra
734 3921 897 4002 quatinus
914 3919 1040 3984 habeat
1057 3939 1198 3984 causam
1220 3923 1320 3985 retri-

265 4019 392 4087 buendi
409 4020 562 4085 maxima
587 4039 663 4096 sua,
685 4018 845 4101 quodque
870 4019 1063 4085 dederimus
1085 4022 1214 4086 sanctis
1236 4021 1322 4099 suis,

266 4123 427 4205 quodque
451 4121 599 4185 dilectae
627 4121 814 4187 aecclesiae
840 4140 935 4199 suae,
957 4121 1023 4185 hoc
1057 4120 1122 4186 sibi
1145 4120 1264 4186 datum
1287 4129 1323 4186 et
