2888 4890
440 376 612 427 ousnnan
638 375 986 427 succosaxourcsn.
1198 358 1246 424 89

190 542 318 613 torum,
343 541 557 612 exactorum,
581 536 827 619 perpetualiter
852 533 1000 598 liberata
1029 541 1243 616 permaneat,

190 636 281 701 sicut
321 635 357 700 in
387 636 624 720 suprascripta
656 635 843 700 donatione
877 634 1078 698 confirmata
1116 634 1243 717 princi-

190 736 317 818 paliter
348 756 426 800 cum
458 735 590 800 idoneis
621 735 767 800 testibus
796 734 927 799 uexillo
958 741 1100 799 sanctae
1131 735 1243 798 crucis

193 834 323 900 christi
352 835 585 900 confirmatur.
653 835 732 899 Has
759 835 850 898 enim
884 833 1162 917 praenominatas
1202 853 1242 898 ac

191 935 445 1018 suprascriptas
470 935 674 1000 donationes
696 942 833 1000 nostras
861 934 925 998 deo
949 933 1177 1015 omnipotenti
1200 933 1243 997 ad

192 1036 328 1100 laudem
345 1041 382 1100 et
401 1035 547 1116 gloriam
573 1053 635 1098 seu
655 1034 760 1099 etiam
784 1054 846 1117 pro
872 1033 1071 1116 expiatione
1093 1033 1244 1114 piaculo-

192 1155 271 1201 rum
285 1141 483 1199 nostrorum
508 1137 544 1200 in
568 1142 770 1218 perpetuam
793 1133 1044 1216 possessionem
1068 1140 1148 1215 post
1172 1132 1245 1197 dies

194 1242 330 1300 nostros
348 1233 595 1317 perpetualiter
612 1234 807 1313 liberatum,
822 1234 912 1299 sicut
928 1240 1009 1297 ante
1031 1233 1245 1317 praedictum

195 1342 259 1413 est,
276 1334 494 1399 concedendo
515 1335 695 1410 donamus,
713 1341 752 1398 ut
773 1334 850 1398 laus
866 1333 921 1398 dei
938 1353 960 1398 a
980 1333 1246 1416 congregatione

195 1433 257 1500 illa
281 1433 552 1518 intercessioque
580 1434 771 1499 animarum
800 1439 994 1498 nostrarum
1026 1433 1245 1517 omniumque

196 1535 384 1600 amicorum
401 1541 598 1599 nostrorum
615 1535 651 1597 in
670 1534 731 1599 illo
748 1533 825 1598 loco
841 1535 1065 1611 incessanter,
1082 1533 1245 1616 quamdiu

196 1634 384 1699 christiana
412 1634 497 1699 fides
524 1641 735 1718 permaneat,
768 1633 892 1698 cotidie
921 1634 1086 1715 erigatur.
1142 1632 1246 1698 Hanc

197 1734 340 1799 eandem
354 1735 575 1800 donationem
601 1755 679 1799 curn
696 1735 796 1817 signo
824 1740 964 1798 sanotae
990 1734 1102 1799 crucis
1119 1731 1247 1798 Christi

197 1835 410 1913 confirmaui,
437 1834 504 1898 hiis
528 1835 675 1900 testibus
705 1834 999 1900 consentientibus
1021 1852 1167 1916 quorum
1194 1833 1249 1898 hic

197 1936 336 2000 nomina
352 1934 442 1999 infra
456 1934 493 1997 in
510 1934 633 2000 cedula
648 1934 822 2020 adscripta
837 1934 1067 1998 continentur.

253 2037 292 2118 ›1‹
315 2035 392 2118 Ego
410 2032 598 2099 AEdelwolf
617 2036 731 2116 gratia
754 2034 809 2099 dei
825 2054 888 2098 rex
903 2033 993 2097 hanc
1010 2053 1120 2098 meam
1141 2032 1248 2099 dona-

196 2134 324 2202 tionem
346 2154 423 2198 cum
449 2135 549 2216 signo
571 2142 713 2199 sanctae
741 2135 851 2199 crucis
875 2132 1004 2198 Christi
1025 2132 1188 2198 confirmo
1213 2140 1249 2197 et

199 2224 388 2300 subscribo.
480 2235 519 2316 ›1‹
549 2235 625 2318 Ego
657 2233 811 2300 Ceolnod
844 2233 958 2316 gratia
991 2233 1047 2297 dei
1080 2232 1247 2315 archiepi-

198 2354 323 2418 scopus
345 2334 434 2398 hanc
464 2334 683 2400 donationem
715 2335 890 2401 confirmo.
948 2335 987 2416 ›1‹
1019 2333 1095 2415 Ego
1122 2332 1250 2397 Dudda

125 2464 128 2468 ·
199 2435 272 2499 dux
299 2434 470 2499 consensi.
522 2435 652 2499 Omnes
677 2437 780 2500 etiam
809 2436 961 2500 seniores
992 2432 1250 2499 cantuariensis

202 2535 390 2600 aecclesiae
404 2515 695 2621 subscripserunt,
712 2543 748 2601 et
762 2535 878 2618 plures
897 2535 965 2600 alii.

642 2832 810 2899 uxnu.
895 2795 898 2800 ’

393 2978 691 3049 AEnnnwunr
719 2980 783 3044 ou
810 2980 961 3060 usur,
986 2980 1062 3047 832.

258 3132 296 3213 ›1‹
317 3129 425 3195 Anno
452 3132 643 3195 dominicae
664 3131 909 3195 incarnationis
925 3134 1168 3196 Lococxxxn.
1186 3151 1252 3214 ego

201 3250 266 3295 rex
275 3229 422 3296 Adultus
437 3233 600 3297 instinctu
611 3231 667 3296 dei
683 3229 891 3296 etCeolno’di
908 3231 1155 3315 archiepiscopi
1170 3251 1251 3296 con·

202 3331 288 3395 cedo
310 3332 496 3396 aecclesiae
517 3331 701 3397 christiin
723 3330 938 3395 Dorobernia
958 3333 1002 3395 ad
1020 3351 1107 3415 opus
1133 3350 1252 3396 mona-

203 3431 346 3495 chorum
364 3431 427 3496 has
443 3439 566 3509 terras,
584 3431 762 3508 Ebbanea,
775 3430 1012 3508 Deifer'desea,
1028 3430 1252 3509 Mistanham,

204 3530 482 3613 Langebumam‚
539 3530 871 3607 Blaceburnanham,
926 3531 1252 3614 Pleguuiningham,

205 3629 387 3709 Osneham,
409 3652 486 3697 curn
509 3632 651 3713 campis,
674 3631 783 3707 siluis,
806 3631 928 3713 pratis,
956 3639 1093 3714 pastum
1116 3651 1253 3715 quoque

205 3746 305 3794 cxx,
323 3752 504 3814 porcorum
519 3733 556 3795 in
573 3730 664 3795 silua
681 3750 768 3814 quae
785 3738 931 3795 uocatur
948 3730 1252 3813 AEgelbyrhtinga-

203 3829 312 3914 hyrst,
349 3839 385 3895 et
421 3832 544 3895 siluam
577 3851 667 3913 qnae
700 3838 845 3895 uocatur
876 3830 1190 3912 Hostringedenne,
1219 3838 1254 3895 et

204 3950 309 3995 unam
331 3929 451 3993 uillam
470 3932 572 3995 iuxta
591 3932 766 3997 ciuitatem
783 3931 939 4008 Cantiae,
959 3932 1096 3995 nomine
1111 3932 1254 4008 Bertun,

205 4030 251 4094 ad
284 4049 389 4113 quam
419 4031 592 4113 pertinent
614 4052 659 4096 .v.
682 4033 804 4113 iugera
838 4041 873 4096 et
910 4031 978 4094 duo
1004 4038 1119 4113 prata,
1149 4050 1254 4094 unum

201 4130 298 4214 apud
324 4129 490 4214 Scitinga,
507 4131 600 4196 aliud
625 4132 715 4214 apud
729 4133 984 4214 Tanningtune.
1031 4131 1136 4195 Hanc
1153 4132 1256 4196 dona-
