2888 4890
450 380 622 429 cnnnrun
645 376 992 427 nncnosnxonrclu.
1181 359 1244 423 133

188 538 306 597 utrum
324 534 395 597 sint
411 533 557 598 masculi
574 533 631 597 uel
649 533 830 608 foeminae,
842 533 1030 596 secundum
1049 532 1140 614 quod
1158 532 1241 596 mihi

190 633 313 697 melius
331 632 479 698 uidetur.
532 633 578 698 Et
595 653 661 716 ego
675 634 712 696 in
730 633 866 697 nomine
881 632 1008 696 domini
1026 631 1190 717 exhortor
1206 639 1242 696 et

190 732 228 795 in
249 733 386 797 nomine
403 733 554 797 omnium
574 740 774 797 sanctorum
798 732 890 814 quod
912 752 1012 796 nemo
1033 732 1240 813 consangui-

192 851 333 896 neorum
372 852 525 897 meorum
558 833 772 914 inposterum
804 840 926 896 contra
958 832 1105 914 aliquem
1144 850 1240 895 meae

193 933 506 1014 consanguinitatis
525 931 659 996 laboret
683 932 808 1013 quouis
830 931 931 994 modo
949 931 1065 1013 ‘quoad
1090 950 1241 1014 eaquae

139 1104 142 1111 ¹
193 1050 259 1112 ego
274 1031 360 1114 ipsis
377 1032 457 1095 dedi
474 1051 536 1114 per
555 1039 660 1096 antea
676 1032 807 1113 pariter
826 1039 861 1094 et
887 1032 1024 1112 legaui3
1048 1039 1084 1094 et
1107 1050 1239 1094 mecum

193 1137 267 1195 tota
294 1131 457 1215 nobilitas
484 1129 587 1195 West
614 1130 787 1194 Saxoniae
816 1132 928 1211 gentis
955 1149 1018 1212 pro
1045 1137 1138 1194 recto
1166 1131 1241 1194 iure

192 1231 424 1308 consentiunt,
441 1231 533 1312 quod
550 1250 605 1294 me
624 1238 761 1312 oportet
775 1230 955 1293 demittere
972 1249 1031 1293 eos
1048 1231 1098 1294 ita
1114 1229 1240 1293 liberos

193 1330 285 1398 sicut
308 1331 344 1393 in
370 1330 505 1395 homine
534 1331 702 1410 cogitatio
732 1331 841 1412 ipsius
872 1330 1042 1394 consistit.
1105 1329 1152 1393 Et
1176 1350 1240 1410 ego

192 1448 256 1511 pro
278 1436 395 1494 amore
418 1429 473 1493 dei
496 1437 532 1494 et
551 1449 614 1512 pro
634 1429 747 1493 salute
770 1429 906 1492 animae
924 1448 1021 1492 meae
1045 1429 1125 1492 uolo
1148 1431 1240 1512 quod

191 1529 260 1611 ipsi
281 1529 352 1594 sint
375 1530 411 1592 in
434 1530 653 1612 possessione
676 1529 874 1593 libertatum
896 1548 1049 1605 suarum,
1073 1536 1108 1593 et
1130 1530 1240 1593 omnis

192 1629 355 1710 cognatio
367 1636 505 1708 eorum3
532 1637 568 1692 et
582 1648 660 1710 ego,
669 1629 705 1691 in
715 1629 852 1692 nomine
863 1629 918 1691 dei
933 1629 1035 1705 sacri,
1046 1629 1082 1691 in
1098 1629 1240 1693 manda-

192 1727 240 1791 tis
257 1728 435 1792 committo
453 1729 545 1811 quod
569 1729 654 1810 ipsis
678 1748 779 1792 nemo
797 1727 1012 1792 contradicat
1031 1747 1143 1810 neque
1164 1748 1241 1792 cum

192 1828 501 1910 armispotestate,
512 1848 574 1892 nec
583 1829 725 1905 uirtute,
735 1848 847 1910 nequo
858 1828 927 1890 alio
936 1828 1117 1890 resistendi
1127 1828 1241 1904 modo,

192 1928 286 2009 quod
300 1927 351 1991 illi
368 1947 437 2014 non
454 1934 618 2010 poterunt
633 1928 798 1991 seisinare
821 1927 877 1991 uel
894 1927 1108 1991 introducere
1123 1948 1242 2010 quem·

192 2035 330 2109 cunque
353 2027 423 2091 illis
445 2027 613 2110 placuerit
637 2029 674 2091 in
700 2047 817 2090 eorum
844 2034 967 2102 terras,
993 2028 1239 2108 possessiones

193 2134 230 2190 et
246 2126 408 2192 dominia.
461 2128 508 2191 Et
530 2127 610 2191 uolo
628 2127 719 2209 quod
743 2127 896 2191 homines
921 2127 986 2188 mei
1004 2126 1086 2190 dent
1102 2126 1241 2191 domino

192 2226 237 2289 de
252 2226 463 2290 Domraham
482 2246 564 2291 suas
580 2234 691 2291 terras
708 2226 833 2290 liberas
851 2234 886 2290 et
901 2245 983 2289 suas
998 2225 1174 2307 libertates
1193 2228 1243 2290 sic

194 2326 285 2408 quod
307 2327 375 2409 ipsi
394 2327 559 2391 'seisinent
579 2335 817 2410 quemcunque
837 2326 887 2389 illi
912 2326 1082 2408 placuerit
1103 2346 1167 2407 pro
1188 2346 1242 2390 mo

194 2431 231 2489 ct
246 2445 309 2509 pro
325 2425 475 2490 AElfleda'
491 2434 526 2490 et
545 2434 609 2508 pio
629 2426 749 2489 amicis
766 2427 837 2488 suis
855 2426 980 2508 quibus
999 2426 1076 2506 ipsa
1092 2426 1241 2506 gratitu-

194 2524 292 2591 dines
307 2531 444 2610 tenetur
464 2526 673 2608 impendere,
689 2532 725 2590 et
744 2545 807 2607 pro
828 2525 987 2588 uiuorum
1006 2543 1046 2588 ac
1063 2525 1243 2590 deihncto-

193 2644 271 2713 rum
293 2627 444 2689 omnium
471 2627 695 2689 necessitates
720 2624 917 2688 habentium
941 2623 1065 2700 salute,
1088 2632 1123 2687 et
1150 2626 1242 2706 quod

194 2723 346 2788 habeant
359 2725 438 2789 illas
453 2732 492 2789 ut
509 2725 653 2806 possint,
664 2732 757 2788 stare
772 2744 836 2806 pro
852 2724 987 2786 animae
1004 2742 1101 2787 meae
1118 2723 1243 2805 salute,

194 2830 231 2888 et
253 2823 346 2907 quod
368 2824 451 2888 talis
473 2825 531 2906 pia
551 2824 692 2889 donatio
710 2824 756 2886 sit
779 2822 1069 2886 inremissionem
1091 2824 1243 2886 omnium

193 2930 415 3005 peccatorum
433 2943 599 3000 meorum,
615 2931 651 2987 et
667 2924 718 2986 ita
733 2922 932 2986 desiderans
955 2922 1159 2985 altissimum
1180 2924 1243 2986 hu-

194 3023 321 3086 militer
339 3023 502 3105 deprecor
518 3030 567 3086 .ut
589 3043 666 3086 mea
684 3022 811 3085 delicta
827 3031 862 3086 et
880 3041 997 3086 eorum
1015 3042 1145 3103 poenas
1161 3022 1246 3087 mihi

195 3121 463 3187 misericorditer
478 3122 624 3186 relaxet.
677 3121 801 3185 Amen.

605 3419 834 3485 MLXVIII.

296 3571 561 3649 AEDELRED,
584 3569 727 3635 DUKE
751 3569 814 3633 OF
839 3567 1047 3644 MERCIA,
1068 3569 1143 3633 888.

247 3713 312 3803 ’ᾧ
356 3719 402 3783 ΙΝ
453 3719 590 3784 nomine
640 3717 769 3781 domini
817 3729 852 3780 et
900 3716 1086 3780 saluatoris
1135 3720 1246 3781 nostri

196 3823 303 3886 Ibesu
343 3819 501 3894 Christi!
577 3816 681 3882 Anno
722 3825 838 3881 autem
882 3816 1129 3879 incarnationis
1171 3817 1245 3881 eius

196 3934 501 3985 mcccmxxxvln.
526 3918 712 3982 indictione
740 3936 822 3979 uero
854 3933 911 3979 ‚vn
941 3935 1006 3995 ego
1029 3913 1245 3993 AEeelredus,

195 4019 314 4102 gratia
321 4018 377 4082 dei
386 4018 602 4100 disponente,
611 4023 815 4098 procurator
825 4016 861 4078 in
875 4015 1026 4078 dominio
1039 4014 1134 4095 regni
1149 4014 1244 4078 Mer-

194 4120 339 4197 cior'um,
350 4119 508 4199 cogitans
519 4118 584 4182 deo
600 4123 635 4180 et
650 4115 842 4180 hominibus
858 4115 1057 4178 satisfacere
1068 4122 1102 4177 et
1116 4115 1245 4178 amicos
