2888 4890
416 389 589 437 cunnrnn
611 389 955 440 Anonosnxonrcln.
1143 376 1208 441 231

577 570 783 636 Mcxvll.

487 693 878 798 unumunurn.

207 844 247 924 ›1‹
270 842 476 907 Rnertnnrn
502 844 755 926 imperpetuum
780 845 947 909 altissimo
972 867 1087 911 rerum
1111 868 1207 912 crea·

152 947 228 1006 tore
242 942 380 1006 domino
395 949 514 1009 nostro
531 943 638 1007 Ihesu
654 943 804 1023 Christo,
820 947 880 1026 qui
902 965 966 1010 sua
987 947 1204 1012 ineffabiliter

152 1043 309 1123 potentia
337 1045 452 1107 omnia
481 1044 627 1108 abarce
655 1044 813 1126 polorum
837 1047 945 1110 cosmi
971 1046 1112 1111 climata
1132 1048 1203 1112 dis-

152 1144 249 1223 ponit
263 1149 369 1225 atque
380 1145 560 1226 gubernat,
574 1145 736 1226 uicesque
750 1152 945 1227 temporum
959 1145 1204 1229 hominumque

151 1243 353 1307 mirabiliter
378 1244 585 1321 discernens,
612 1246 796 1308 terminum
820 1246 989 1310 incertum
1014 1248 1202 1329 praedesti·

152 1349 271 1406 natum
308 1344 466 1407 omnibus
495 1364 517 1408 a
546 1363 583 1408 se
615 1344 772 1408 formatis
806 1353 909 1427 prout
938 1346 1014 1410 uult
1044 1348 1201 1428 imponit.

153 1440 376 1525 Quapropter
391 1463 458 1525 ego
468 1444 704 1522 AEselstanus,
720 1445 840 1509 diuina
853 1445 992 1510 fauente
1007 1446 1201 1523 clementia,

151 1561 214 1609 rex
228 1541 423 1625 Anglornm
450 1551 486 1608 et
507 1564 617 1626 aeque
640 1545 747 1609 totius
762 1545 962 1609 Britanniae
983 1546 1076 1610 orbis
1101 1566 1201 1610 cura-

151 1642 255 1723 gulus
289 1643 536 1726 praeedoctus,
559 1664 637 1708 meo
666 1644 760 1708 fideli
788 1644 954 1722 ministro,
984 1647 1043 1728 qui
1073 1647 1201 1710 usitato

151 1748 310 1807 onomate
324 1751 544 1827 nuncupatur
557 1744 758 1825 AElfheago,
774 1745 924 1826 aliquam
940 1746 1024 1809 iuris
1039 1747 1106 1810 mei
1122 1766 1201 1828 par·

150 1842 408 1908 ticulam.xv1.
435 1843 596 1909 uidelicet
624 1863 760 1908 mansas
789 1845 826 1908 in
856 1852 1016 1909 aeternae
1045 1846 1200 1910 haeredi·

150 1943 233 2006 tatis
257 1943 467 2026 stipendium
489 1943 599 2008 libens
624 1944 776 2008 concedo
798 1943 834 2007 in
856 1945 916 2008 illo
937 1943 1014 2009 loco
1032 1947 1091 2009 ubi
1106 1946 1200 2010 uoci-

150 2048 246 2108 tatur
275 2042 566 2128 Pipingmynstre,
600 2063 664 2127 pro
700 2044 775 2107 eius
810 2044 951 2108 amabili
987 2045 1200 2110 subiectione

151 2149 255 2224 atque
278 2144 566 2226 subpeditationis
588 2145 784 2209 obedientia
800 2163 905 2226 quam
926 2144 1030 2208 michi
1046 2147 1201 2227 meisque

152 2261 288 2325 semper
307 2244 557 2308 incessabiliter
582 2245 800 2320 monstrauit,
818 2250 853 2307 et
874 2244 979 2308 etiam
1002 2265 1065 2326 pro
1091 2246 1200 2327 ipsius

151 2343 314 2425 placabili
337 2345 472 2426 praetio
496 2344 590 2426 quod
613 2345 790 2408 michimet
806 2344 901 2408 dedit
923 2351 963 2408 ut
987 2344 1090 2407 huius
1118 2365 1199 2427 syn-

151 2444 276 2526 graphi
311 2444 558 2526 adipisceretur
598 2444 838 2519 firmationem,
869 2443 1035 2508 ducentas
1069 2446 1201 2510 scilicet

151 2545 227 2606 auri
249 2544 339 2607 cocti
360 2551 395 2608 et
409 2545 583 2627 purissimi
599 2545 734 2626 argenti
748 2551 906 2608 stateras.
964 2544 1099 2608 Idcirco
1117 2565 1200 2626 ergo

150 2645 194 2706 ob
209 2650 347 2708 nostrae
360 2644 462 2708 buius
485 2644 680 2708 donationis
701 2654 902 2727 perpetuam
924 2644 1148 2709 stabilitatem
1166 2653 1202 2708 et

150 2742 377 2808 indiscussam
401 2744 705 2821 confirmationem,
732 2754 768 2809 et
792 2745 836 2808 ob
861 2742 1054 2808 futurorum
1083 2752 1200 2810 caute·

149 2843 232 2922 lam,
255 2845 504 2928 nequisquam
525 2864 677 2927 unquam
699 2843 980 2926 subsequentium
1002 2843 1067 2907 hoc
1087 2845 1201 2926 ipsum

151 2951 289 3008 nostrae
318 2945 481 3008 bonitatis
503 2945 769 3009 emolumentum
789 2943 1023 3025 aliquomodo
1045 2952 1202 3009 auertere

152 3044 228 3109 siue
249 3044 439 3109 inminuere
461 3044 629 3109 audacter
645 3050 853 3128 praesumat,
868 3042 1005 3126 apicum
1020 3046 1201 3109 caracteri-

152 3146 218 3209 bus
240 3144 371 3227 liquide
388 3146 538 3209 inserere
560 3145 776 3217 curauimus3
793 3143 877 3224 quia
899 3144 1098 3225 saepissime
1121 3164 1201 3209 con·

153 3245 242 3327 tingi
277 3245 366 3310 solet
399 3245 435 3308 in
466 3245 699 3309 sanctionibus
736 3263 915 3325 procerum
945 3251 980 3307 et
1008 3245 1044 3307 in
1082 3245 1203 3309 edictis

154 3347 355 3428 priscorum,
364 3352 405 3408 ut
419 3345 512 3427 quod
528 3344 745 3408 scedularum
762 3350 858 3408 certa
873 3344 1052 3425 impressio
1064 3341 1203 3408 minime

153 3452 358 3510 caraxatum
373 3446 508 3522 retinet,
522 3444 608 3509 illud
620 3444 737 3508 futura
748 3462 789 3507 ac
803 3444 1017 3526 subsequens
1032 3447 1205 3527 prosapia,

153 3547 279 3627 partim
294 3532 508 3609 ‚temeritatis
533 3544 679 3608 andacia
704 3543 830 3627 partim
856 3543 1071 3625 ignorantiae
1097 3544 1206 3625 negli-

153 3647 285 3727 gentia,
314 3664 423 3727 praue
456 3651 634 3728 peruertat
663 3645 756 3726 quod
788 3644 994 3708 antecedens
1026 3645 1206 3725 generatio

153 3745 245 3810 iusta
269 3744 511 3811 diiudicatione
540 3745 739 3810 sanctierat.
795 3743 937 3807 Habeat
960 3744 1077 3825 itaque
1102 3751 1207 3826 atque

155 3853 335 3927 gratanter
360 3846 557 3928 perfruatur
577 3845 774 3929 praedictus
800 3862 897 3908 meus
927 3842 1082 3907 minister
1106 3863 1207 3926 prae-

154 3946 229 4010 fata
251 3946 529 4029 possessiuncula
551 3944 704 4028 quandiu
724 3945 799 4010 uita
813 3944 880 4007 sibi
895 3961 1009 4007 comes
1027 3941 1149 4023 fuerit3
1173 3952 1209 4009 et

153 4054 235 4130 post
264 4046 455 4130 praesentis
481 4047 574 4111 uitae
604 4064 748 4109 ¹cursum
778 4050 968 4127 peractum,
998 4044 1210 4126 posteritatis

153 4138 240 4212 suae
276 4147 532 4212 successoribus
573 4146 764 4228 cuicunque
798 4146 947 4210 uoluerit
984 4144 1210 4227 derelinquat,
