2888 4890
243 380 288 443 24
507 390 1054 441 cHAR'rAEnNGboSnxortchE.

248 552 470 636 Quapropter
506 571 574 615 non
611 551 721 615 solum
759 550 955 615 uoluntario
987 551 1046 614 sed
1081 559 1117 614 et
1153 550 1305 615 maxime

248 655 381 735 gratias
424 660 567 734 agentes
598 652 781 715 annuimus
825 651 903 734 piae
946 660 1083 716 uestrae
1125 652 1303 735 petitioni3

249 755 413 836 quatinus
439 753 617 836 praedicta
639 750 806 816 aecclesia
832 751 867 814 in
889 751 1200 829 Medeshamstede,
1217 752 1307 815 sicut

250 855 347 936 regia
372 855 577 918 auctoritate
611 848 716 935 regia,
746 852 796 915 ita
823 853 1016 934 apostolica
1045 852 1306 915 confirmatione

251 955 297 1018 sit
324 954 532 1036 apostolica;
561 953 606 1017 sit
630 955 674 1017 ab
697 952 790 1016 omni
808 953 976 1017 seruitute
993 952 1162 1016 saeculari
1185 953 1307 1029 libera,

251 1055 301 1119 ita
334 1054 494 1120 uidelicet
526 1061 566 1117 ut
604 1051 890 1135 quemadmodum
931 1073 995 1117 uos
1034 1052 1205 1130 dictastis,
1244 1072 1308 1117 nec

252 1175 327 1232 rex,
350 1174 414 1218 nec
442 1155 637 1237 episcopuS,
661 1173 724 1217 nec
752 1172 892 1234 praeses
912 1153 1038 1236 aliquis
1061 1153 1178 1217 abbati
1199 1153 1309 1235 ipsius

253 1263 333 1338 post
362 1255 562 1319 electionem
593 1253 779 1319 aecclesiae
817 1261 852 1317 et
884 1255 975 1336 regis
1004 1272 1181 1318 assensum
1212 1255 1310 1335 quic·

254 1376 358 1438 quam
384 1355 510 1420 terreni
543 1355 657 1418 ouans
688 1354 860 1435 iniungat,
891 1374 958 1418 non
990 1372 1124 1431 censuS,
1151 1374 1220 1418 non
1250 1355 1312 1418 tri-

254 1457 387 1534 butum,
419 1476 487 1519 non
522 1455 656 1533 militia,
689 1474 759 1517 non
797 1455 915 1537 aliqua
948 1475 1098 1536 unquam
1131 1454 1311 1519 seruitutis

253 1557 390 1620 occasio
418 1556 460 1619 de
487 1555 644 1619 omuibus
670 1556 772 1618 rebus
799 1554 843 1619 ad
871 1555 983 1638 ipsam
1004 1555 1204 1620 aecclesiam
1230 1574 1310 1638 per·

253 1655 443 1721 tinentibus
471 1656 528 1719 uel
553 1657 589 1720 in
616 1675 743 1736 magno
769 1656 824 1719 uel
852 1655 887 1719 in
912 1656 1054 1720 minimo
1076 1656 1119 1720 ab
1142 1655 1214 1719 ullo
1235 1655 1311 1718 exi-

255 1765 370 1838 gatur,
389 1757 551 1838 quatinus
575 1757 638 1819 sub
665 1775 747 1837 rege
778 1775 841 1820 suo
867 1755 1046 1821 defensore
1070 1776 1140 1820 non
1163 1764 1313 1840 tyranno

254 1858 361 1921 libere
379 1856 517 1922 Christo
543 1857 609 1920 soli
631 1856 815 1920 deseruiat.
868 1857 1061 1939 Episcopus
1081 1876 1218 1939 quoque
1237 1856 1313 1920 dio-

256 1977 373 2022 ceseos
399 1977 468 2021 non
486 1965 571 2040 typo
588 1957 812 2040 praelationis
835 1957 895 2021 sed
918 1956 1029 2022 officio
1055 1957 1211 2022 caritatis
1233 1957 1313 2021 huic

256 2078 294 2121 se
310 2057 497 2141 impendat,
516 2058 744 2139 abbatemque
760 2058 881 2140 ipsiuS,
897 2078 937 2122 ac
954 2059 983 2121 si
1002 2058 1197 2122 Romanum
1215 2057 1313 2139 lega-

256 2167 330 2222 tum
356 2166 392 2222 et
409 2159 679 2222 comministrum
706 2159 878 2240 euangelii
901 2158 1039 2237 habeat,
1063 2166 1098 2222 et
1122 2158 1310 2222 secundum

257 2259 322 2321 sibi
349 2258 481 2322 socium
504 2259 663 2322 aestimet
688 2277 757 2321 non
789 2259 992 2324 subiectum.
1059 2259 1205 2322 Nullum
1229 2278 1313 2322 uero

257 2366 476 2442 potentatum
502 2359 537 2421 in
560 2358 625 2423 hoc
646 2359 890 2422 monasterium
907 2360 1108 2442 praeripiat,
1133 2379 1196 2423 nec
1219 2358 1310 2423 ordi·

258 2452 431 2524 nationem
452 2458 499 2522 ibi
516 2477 580 2523 nec
595 2458 771 2541 quodlibet
787 2457 934 2523 officium
950 2460 1022 2524 sine
1040 2461 1174 2524 abbatis
1193 2460 1313 2523 fauore

258 2567 407 2641 arroget,
430 2559 490 2624 sed
517 2580 628 2643 neque
655 2561 699 2623 ab
724 2561 833 2642 ipsius
859 2561 988 2624 intimis
1019 2568 1055 2624 et
1083 2560 1315 2643 peculiaribus

258 2660 344 2723 locis
369 2668 430 2724 aut
452 2660 625 2743 parochiis
641 2660 698 2723 uel
716 2660 751 2723 in
775 2660 868 2725 omni
890 2661 1071 2744 priuilegio
1091 2661 1212 2743 ipsius,
1228 2661 1314 2724 iuris

260 2761 445 2842 quicquam
470 2769 608 2843 praeter
623 2760 774 2824 eiusdem
797 2761 933 2824 abbatis
958 2781 1136 2825 assensum
1167 2761 1316 2843 accipiat

260 2860 316 2923 uel
341 2861 459 2937 saciat,
476 2879 518 2922 ne
537 2879 606 2942 qua
633 2860 764 2924 scilicet
794 2862 959 2925 abusione
987 2881 1106 2944 pacem
1137 2862 1315 2944 perturbet

259 2960 375 3042 gregis
405 2960 578 3037 dominici,
610 2961 730 3042 quales
764 2961 997 3026 scandalizare
1029 2970 1083 3026 est
1113 2981 1192 3025 cum
1223 2962 1315 3025 mola

260 3060 412 3124 asinaria
437 3061 472 3123 in
495 3059 664 3142 profundo
687 3060 842 3142 dimergi.
897 3062 966 3126 Ubi
992 3071 1107 3126 autem
1125 3062 1254 3127 electus
1271 3063 1316 3126 ab

259 3162 337 3243 ipsa
362 3161 631 3242 congregatione
659 3162 766 3225 abbas
795 3162 1006 3226 ordinandus
1029 3165 1105 3240 erit,
1135 3164 1178 3226 ab
1207 3161 1316 3226 archi-

262 3262 423 3344 episcopo
439 3261 707 3338 Dorobernensi‚
723 3261 873 3325 Romani
899 3263 1073 3345 pontificis
1095 3264 1238 3340 uicario,
1255 3271 1318 3327 aut

262 3381 283 3424 a
318 3381 386 3442 quo
413 3362 487 3444 ipse
517 3361 618 3426 modo
649 3361 850 3426 inefficatior
880 3361 1031 3442 iusserit,
1067 3383 1145 3446 rege
1177 3363 1317 3427 fauente

262 3461 449 3537 ordinetur,
480 3482 543 3525 nec
578 3462 807 3544 parochianus
844 3463 1001 3545 pontifex
1033 3465 1107 3528 siue
1138 3465 1212 3546 ipse
1242 3465 1316 3528 siue

263 3560 388 3643 aliquis
415 3561 504 3625 alius
529 3562 706 3645 praedicta
737 3563 921 3627 dumtaxat
945 3566 1153 3628 auctoritate
1182 3564 1316 3628 ordina-

264 3662 364 3738 uerit,
394 3662 577 3744 quicquam
610 3663 645 3726 in
680 3683 756 3726 eum
789 3675 927 3746 praeter
957 3664 1184 3729 fraternitatis
1217 3666 1315 3729 obse-

263 3762 381 3843 quium
413 3762 611 3844 praeripiat.
669 3763 774 3827 Hanc
800 3772 915 3828 autem
945 3765 1147 3828 aecclesiam
1173 3766 1318 3829 caeteris

263 3862 396 3942 imperii
424 3863 531 3925 uestri
553 3865 771 3928 monasteriis
796 3884 884 3946 quae
912 3864 1013 3929 modo
1036 3873 1235 3947 assurgunt,
1262 3866 1318 3929 uel

262 3962 424 4044 deinceps
449 3962 484 4024 in
514 3982 649 4026 omnem
672 3965 910 4048 posteritatem
933 3975 1130 4043 nascentur,
1152 3974 1318 4048 tanquam

263 4062 439 4144 religionis
480 4063 652 4144 primicias
686 4065 890 4147 excipimus
926 4067 1088 4148 quatinus
1128 4067 1319 4149 apostolica

263 4162 378 4243 gratia
405 4161 527 4244 suique
550 4163 645 4228 Petri
664 4173 868 4248 uestraeque
885 4167 1110 4248 promotionis
1134 4186 1319 4250 praeroga-
