2888 4890
193 350 259 414 286
451 365 624 415 cunnrnn
650 363 995 413 naonosnxomcsn.

193 524 349 590 ministro
375 522 529 589 uocitato
556 525 692 588 nomine
715 524 879 607 AElfsige,
910 544 974 608 pro
1006 524 1080 588 eius
1106 523 1249 587 amabili

193 627 388 690 obedientia
416 626 557 707 eiusque
583 625 746 706 placabili
773 626 931 707 pecunia,
955 643 1059 706 quam
1084 623 1190 688 michi
1212 624 1248 686 in

193 745 277 790 suae
295 726 487 790 deuotionis
505 726 670 806 obsequio
692 725 827 801 detulit,
845 724 881 788 in
895 725 972 789 loco
990 725 1061 800 ubi,
1085 723 1246 788 ludibun-

194 825 316 908 disque
331 825 521 903 uocabulis,
538 845 661 889 nomen
674 825 870 889 indiderunt
882 825 1073 906 antiquitus
1087 832 1133 888 aet
1148 823 1247 887 Mor·

194 923 286 989 dune
316 941 397 990 .xx.
421 944 559 989 mansas
589 925 621 988 ei
651 925 797 989 libenter
823 924 1003 1005 largiendo
1035 925 1178 1000 donaui,
1206 930 1248 986 ut

193 1025 336 1090 eandem
359 1032 624 1113 suprataxatam
643 1031 771 1088 terram
799 1025 893 1088 uitae
916 1043 1001 1088 suae
1026 1040 1129 1087 cursu
1151 1022 1247 1086 foeli-

194 1127 281 1190 citer
294 1125 481 1208 possideat.
533 1124 649 1206 Igitur
672 1125 870 1188 imminente
898 1123 1132 1189 dissolutionis
1161 1140 1246 1187 suae

193 1226 281 1290 calle
301 1226 454 1308 corporis
488 1231 524 1289 et
551 1226 696 1301 animae,
727 1240 963 1289 successorum
990 1224 1057 1287 sibi
1086 1238 1246 1287 carorum

194 1324 250 1390 cui
280 1344 318 1390 se
343 1323 481 1389 libuerit
513 1327 620 1390 menti
651 1325 759 1390 libero
789 1325 880 1390 dono
907 1324 1076 1406 largiatur
1105 1331 1141 1388 et
1164 1324 1244 1406 ipsi.

194 1425 366 1508 Perpetue
392 1443 541 1507 namque
567 1426 668 1489 huius
696 1426 893 1490 tramitibus
918 1424 1038 1488 mundi
1064 1423 1132 1488 hoc
1153 1424 1246 1506 quod

193 1526 347 1591 concessi
364 1533 475 1590 terrae
490 1533 731 1608 praenotatum
754 1545 776 1589 a
801 1525 932 1590 cunctis
953 1525 1133 1589 laboribus
1150 1525 1247 1589 uitae

194 1626 390 1690 mortalium
423 1632 624 1707 permaneat
663 1626 871 1702 abdicatum,
908 1631 1045 1707 praeter
1083 1625 1118 1688 id
1152 1626 1245 1706 quod

120 1759 121 1763 =
193 1727 292 1789 nobis
320 1727 477 1790 omnibus
498 1725 645 1806 indigeri
666 1725 816 1803 uidetur,
828 1726 865 1790 id
890 1732 944 1790 est
967 1725 1047 1802 tria,
1073 1726 1246 1795 exercitus

194 1827 337 1903 aditum,
351 1825 466 1909 pontis
483 1824 688 1902 aedificium,
704 1827 901 1891 munitionis
918 1825 1121 1907 castellique
1143 1826 1245 1890 auxi-

193 1925 289 2003 lium,
307 1926 343 1989 in
367 1927 526 1991 omnibus
542 1934 576 1990 et
592 1945 654 2008 per
669 1927 785 1990 omnia
805 1944 893 2009 quae
918 1927 962 1991 ad
989 1925 1136 1990 cundem
1163 1928 1244 1990 sub·

193 2026 283 2091 iecta
309 2033 390 2091 sunt
411 2026 538 2104 locum,
564 2026 707 2110 campis,
729 2027 878 2108 pascuis,
894 2027 1005 2108 pratis
1026 2034 1062 2091 et
1083 2027 1194 2103 siluis,
1209 2028 1244 2090 in

194 2127 297 2204 notis,
322 2128 358 2190 in
386 2125 528 2190 modicis
552 2133 588 2190 et
611 2127 647 2190 in
672 2126 819 2208 magnis,
837 2126 1062 2209 diriuatisque
1086 2128 1245 2192 cursibus

194 2245 373 2313 aquarum,
387 2235 427 2291 ut
440 2234 558 2290 nostra
569 2228 638 2290 iam
648 2228 829 2303 ueraciter,
840 2226 996 2310 praefata
1007 2228 1246 2310 suprascripta

194 2335 248 2391 est
270 2328 306 2391 in
330 2327 422 2391 linea
445 2327 596 2404 traditio,
618 2328 710 2410 quod
735 2328 771 2391 in
790 2333 965 2390 aeternum
990 2328 1154 2392 manebit.
1207 2327 1244 2393 Si

195 2428 318 2510 [quis],
351 2429 571 2492 daemonicae
599 2425 871 2492 fermentationis
903 2427 1041 2492 stimulo
1070 2428 1244 2506 incedens,

194 2535 348 2592 nostrum
358 2529 529 2609 integrum
540 2534 576 2591 et
587 2526 795 2592 inuiolatum.
805 2527 932 2592 donum
945 2527 1181 2605 fraudulenter
1189 2528 1244 2592 in-

192 2627 341 2710 fringere
360 2628 570 2711 probauerit,
588 2629 724 2692 nouerit
746 2648 782 2691 se
800 2627 1026 2710 proculdubio
1043 2647 1121 2690 cum
1139 2625 1245 2694 Anna

194 2735 228 2791 et
245 2727 363 2793 Zafira
376 2727 652 2810 satellitibusque
670 2748 798 2804 eorum,
815 2727 973 2791 herebica
988 2734 1147 2792 aeternae
1162 2749 1245 2794 ana·

194 2827 356 2892 thematis
374 2847 509 2892 macera
534 2827 788 2910 perforandum,
806 2828 872 2891 nisi
892 2829 988 2910 prius
1014 2827 1118 2910 digna
1142 2829 1245 2893 satis-

192 2927 340 2991 factione
363 2928 543 2992 emendare
571 2927 730 2992 uoluerit.
783 2927 865 2992 Istis
889 2928 1041 2992 terminis
1068 2929 1245 3010 praedicta

193 3035 286 3091 terra
302 3029 556 3112 circumgyrato
573 3046 648 3092 esse
664 3028 812 3092 uidetur.
865 3024 931 3093 Dis
948 3035 1029 3110 synt
1042 3017 1142 3092 ’dara
1154 3046 1243 3096 ,xva

193 3118 276 3192 hida
292 3117 525 3209 landgemffiro
548 3117 587 3191 ts)
612 3117 799 3192 Mordfine.
852 3127 971 3192 AErest
991 3148 1036 3191 on
1057 3127 1245 3194 Headdan-

193 3220 285 3291 dune
310 3217 408 3292 slede
430 3234 539 3310 nyber
560 3248 605 3293 on
630 3220 914 3306 'Hreodburnam
938 3228 1091 3310 andlang
1111 3230 1244 3295 burnan

193 3347 237 3392 on
271 3327 379 3393 Wurf
385 3349 393 3409 3
429 3329 581 3409 andlang
613 3317 782 3394 streames
812 3348 856 3392 on
889 3318 1037 3392 Foslaoe
1068 3321 1169 3413 iipps
1200 3351 1245 3395 on

191 3417 288 3493 bara
310 3446 420 3492 aecera
442 3418 655 3503 andheafda3
681 3429 833 3511 andlang
851 3419 948 3494 afara
970 3418 1096 3494 heafda
1116 3446 1164 3494 on
1182 3437 1243 3496 aet·

191 3536 253 3593 tan
281 3549 390 3612 penn3
427 3548 472 3592 on
498 3532 588 3594 tione
616 3529 805 3609 ellenstub3
839 3529 953 3593 bonon
978 3516 1002 3593 a
1024 3530 1068 3594 be
1090 3550 1175 3612 aege
1199 3551 1245 3596 on

189 3636 237 3695 ’tta
254 3622 502 3711 medemunga3
528 3628 568 3694 of
584 3619 679 3694 aare
699 3620 938 3711 mademunge
956 3627 1073 3713 nybaer
1094 3651 1141 3696 on
1155 3629 1245 3698 lione

142 3740 151 3755 '
192 3730 315 3795 ealdan
331 3730 447 3811 wibig3
470 3728 582 3795 douon
604 3749 649 3792 on
665 3730 908 3809 hnottanford3
932 3730 973 3795 of
981 3736 1064 3795 liam
1084 3731 1187 3797 forda
1197 3748 1244 3796 on

190 3836 280 3895 itone
304 3831 426 3895 ealdan
445 3831 566 3914 wylle3
588 3836 705 3896 'eonon
725 3832 774 3896 eft
799 3848 844 3896 on
867 3822 1133 3896 Headdandfine
1154 3823 1243 3897 sled.

192 3927 283 3995 Acta
305 3938 358 3995 est
381 3930 466 3995 haec
488 3930 644 4013 praefata
664 3931 806 3996 donatio
829 3950 918 3996 anno
942 3933 987 3996 ab
1008 3932 1244 3998 incarnatione

191 4030 320 4096 domini
344 4032 453 4095 nostri
471 4030 575 4095 Ihesu
593 4029 722 4096 Christi
739 4049 984 4098 ,occoexnun
1002 4032 1189 4099 indictione
1206 4051 1243 4098 .r.

246 4133 285 4212 ›1‹
302 4131 379 4212 Ego
395 4131 618 4196 Eadmundus
635 4151 697 4196 rex
715 4130 909 4214 Anglorum
927 4133 1119 4218 praefatam
1135 4133 1245 4199 dona-
