2888 4890
192 355 237 418 44
452 371 625 420 cnanrnn
648 370 990 421 nneuosnxonrcns.

194 538 360 595 seruetur.
413 530 571 613 Denique
588 529 744 611 praefato
766 549 847 593 sene
862 530 1097 594 saecularibus
1119 551 1157 595 se
1179 531 1251 596 sol-

195 640 298 695 uente
312 631 425 708 robur,
446 639 481 694 et
496 631 561 695 deo
584 630 650 695 soli
671 629 879 693 desideranti
897 631 1026 694 seruire
1044 631 1079 695 in
1094 652 1131 695 re
1148 651 1250 715 prae·

195 730 300 809 dicta,
322 750 387 795 sua
408 731 524 795 omnia
548 751 626 795 cum
649 731 834 813 semetipso
852 729 998 795 Eollano
1026 732 1249 797 concedebat.

195 829 330 896 Idcirco
353 851 419 913 ego
436 830 549 908 Eolla,
565 851 629 914 pro
655 837 817 913 suscepta
844 830 1001 912 pecunia,
1024 830 1113 897 hano
1140 832 1250 896 dona-

193 931 321 996 tionem
355 951 431 997 cum
462 951 630 996 consensu
655 930 800 995 fratrum
828 931 988 1014 regisque
1014 933 1124 996 nostri
1146 932 1249 996 Nun·

193 1033 271 1095 nani
294 1031 492 1096 Wulfherio
519 1032 613 1095 inre
638 1030 795 1114 praefata
823 1031 859 1094 in
887 1032 1139 1114 possessionem
1167 1053 1248 1114 per-

192 1139 331 1213 petuam
363 1133 509 1196 tradam.
567 1131 605 1196 Si
637 1132 716 1214 quis
750 1151 833 1195 uero
865 1132 1069 1196 temeritatis
1100 1132 1250 1197 audacia

193 1231 287 1310 haec,
306 1241 366 1298 aut
388 1253 450 1315 per
465 1234 534 1296 uim
554 1232 744 1308 uecordiae,
768 1233 895 1296 auertit
912 1232 1061 1309 decreta,
1079 1251 1101 1296 a
1126 1231 1248 1297 catho-

135 1340 140 1350 ‘
190 1332 333 1397 licorurn
356 1340 498 1398 caterua
519 1332 829 1397 anathematizatus
848 1333 923 1397 iure
942 1331 1070 1410 diuino,
1096 1341 1131 1397 et
1154 1332 1248 1397 inso-

191 1432 306 1497 lubilis
333 1440 495 1497 aeternae
522 1433 757 1498 retributionis
791 1433 979 1497 uindictam
1011 1452 1139 1515 poenas
1166 1435 1249 1498 sub-

90 1591 96 1602 .
191 1534 302 1598 iaceat
318 1533 524 1598 cruciandus
541 1535 801 1617 imperpetuum.

245 1636 284 1716 ›1‹
305 1632 408 1698 Hanc
435 1635 652 1699 donationem
680 1653 792 1698 meam
816 1653 881 1714 ego
905 1631 1037 1698 Nunna
1061 1654 1135 1712 ren,
1161 1654 1246 1698 con-

191 1734 418 1798 sentientibus
432 1735 590 1799 omnibus
608 1735 789 1799 comitibus
804 1752 872 1797 una
890 1753 1034 1811 mecum,
1047 1754 1124 1798 mea
1142 1754 1248 1799 manu

191 1834 389 1916 subscripsi.
461 1838 500 1918 ›1‹
527 1835 603 1917 Ego
629 1834 772 1899 Osricus
798 1834 957 1898 consensi
985 1841 1020 1898 et
1047 1835 1247 1917 subscripsi.

196 1936 235 2016 »Β
256 1934 333 2016 Ego
359 1934 576 1999 Eadberhtus
603 1934 761 1999 consensi
788 1941 824 1998 et
849 1934 1049 2016 subscripsi.
1106 1937 1145 2017 »Β
1168 1935 1248 2016 Ego

192 2034 294 2099 Eolla
319 2036 475 2100 consensi
504 2043 540 2100 et
565 2034 763 2117 subscripsi.
831 2037 870 2117 »Β
900 2035 977 2116 Ego
1003 2035 1131 2099 Beowa
1158 2034 1248 2100 hanc

192 2143 319 2199 terram
334 2137 418 2200 iuris
436 2137 515 2213 mei,
532 2154 636 2218 quam
653 2134 736 2199 mihi
753 2134 937 2218 propinqui
958 2135 1025 2198 mei
1040 2135 1248 2216 edonabant,

191 2256 268 2299 cum
295 2256 462 2301 consensu
479 2235 633 2300 Nuunan
655 2236 747 2317 regis
773 2242 809 2299 et
830 2234 954 2299 Eollan
979 2235 1140 2317 episcopi,
1166 2256 1248 2301 con-

193 2336 418 2401 sentientibus
443 2336 660 2401 AEttilberhto
691 2355 782 2418 rege,
815 2343 849 2399 et
881 2335 1051 2418 episcopis
1081 2335 1245 2418 Sigsrido,

194 2437 360 2515 Beorran,
376 2446 412 2512 et
427 2437 555 2513 Eccan,
571 2436 718 2500 libenter
735 2434 903 2511 concedo;
928 2444 968 2499 ut
984 2455 1038 2498 me
1056 2437 1194 2501 uiuente
1211 2437 1248 2501 in

193 2544 365 2619 potestate
397 2557 514 2602 eorum
537 2537 594 2613 sit,
623 2544 657 2600 et
686 2543 766 2618 post
794 2536 926 2600 obitum
954 2554 1066 2599 meum
1097 2535 1248 2602 habeant

192 2637 365 2701 licentiam
400 2637 547 2702 habendi
580 2637 800 2720 donandique
837 2637 1029 2719 cuicunque
1065 2636 1135 2700 illis
1172 2638 1248 2720 pla-

193 2738 311 2801 cuerit.

245 2836 398 2901 Eandem
428 2846 553 2902 terram
580 2857 646 2919 ego
670 2836 869 2900 Osmundus
895 2854 956 2900 rex
983 2837 1094 2919 pretio
1120 2836 1248 2900 redemi

196 2938 239 3000 ab
256 2936 390 3000 Errauo
414 2938 538 3001 comite
558 2957 634 3001 meo
659 2957 736 3001 cum
754 2955 923 3002 consensu
949 2936 1102 3020 episcopi
1126 2937 1248 3014 nostri,

194 3056 272 3100 cum
292 3039 572 3118 augmentatione
598 3045 709 3102 terrae
729 3037 822 3102 illius
840 3056 929 3120 quae
952 3037 1146 3118 appellatur
1164 3037 1190 3118 [.
1209 3084 1216 3100 .
1236 3084 1245 3101 .

197 3184 319 3201 .....
324 3138 338 3218 ]
354 3137 522 3220 Titburge
550 3138 605 3202 dei
635 3137 784 3202 famulae
812 3139 848 3202 in
870 3145 1072 3220 perpetuam
1096 3137 1247 3201 attribuo

194 3238 455 3318 possessionem.

249 3338 288 3418 »Β
307 3339 384 3421 Ego
411 3338 568 3402 Osmund
600 3358 661 3402 rex
696 3339 833 3421 signum
867 3344 1007 3401 sanctae
1039 3337 1149 3400 crucis
1184 3356 1246 3400 ex-

194 3438 312 3518 pressi.
380 3442 418 3524 'i‘
439 3440 515 3521 Ego
533 3439 606 3503 Osa
623 3440 806 3522 episcopus
823 3438 979 3502 consensi
996 3444 1031 3501 et
1048 3436 1245 3519 subscripsi.

654 3615 774 3624 —u—

673 3734 769 3798 MII.

330 3884 692 3950 *AEDELHEARD
721 3883 786 3947 OF
810 3884 1026 3965 WESSEX,
1048 3885 1124 3950 737.

260 4038 298 4115 ›1‹
327 4035 476 4098 Donrno
505 4043 623 4099 nostro
654 4033 758 4096 lhcsu
789 4032 927 4097 Christo
957 4055 1033 4098 cum
1064 4042 1248 4100 coaeterno

194 4144 292 4218 patre
308 4143 342 4198 et
358 4135 480 4217 spiritu
504 4142 624 4198 sancto
646 4135 681 4196 in
708 4139 884 4196 aeternum
908 4136 1090 4216 regnante!
1145 4134 1248 4202 Auno
