2888 4890
269 388 313 451 22
526 404 698 451 canarno
723 404 1065 452 Aucuossxourcnn.

275 567 495 643 peccatorum
519 581 687 638 meorum,
703 561 754 625 ita
775 567 816 625 ut
833 560 1003 644 praedixi,
1018 559 1155 624 famulis
1180 559 1236 623 dei
1252 578 1333 642 per·

273 661 405 726 donata
429 663 559 744 absque
588 662 705 744 aliqua
733 661 886 726 laesione
909 662 944 725 in
970 681 1095 725 aeuum
1117 665 1333 742 permaneat.

276 761 443 844 Quisquis
461 771 577 827 autem
592 761 777 826 haeredum
789 781 1024 826 successorum
1042 780 1195 825 meorum
1207 780 1330 842 regum

275 861 435 940 Cantiae,
459 863 516 927 uel
544 863 575 926 si
604 862 749 946 quilibet
777 863 1005 927 saecularium
1034 862 1242 944 dignitatum
1269 868 1334 924 aut

276 963 620 1041 aecclesiasticarum,
639 963 681 1027 de
698 963 897 1046 supradicta
919 962 1117 1039 donatione,
1134 980 1239 1044 quam
1266 981 1333 1043 pro

276 1071 416 1128 aeterua
437 1064 710 1128 remuneratione
726 1064 863 1128 animae
884 1082 981 1127 meae
1004 1062 1231 1145 omnipotenti
1254 1061 1334 1138 deo,

275 1162 319 1226 ad
359 1165 545 1228 utilitatem
575 1164 816 1228 famulantium
850 1164 892 1242 ei,
925 1164 961 1227 iu
999 1164 1054 1227 ins
1088 1161 1333 1227 monasteriale

275 1273 412 1330 constat
439 1284 516 1329 esse
543 1264 718 1346 largitam,
741 1264 872 1346 aliquid
894 1263 1107 1346 disrumpere
1133 1269 1195 1327 aut
1218 1261 1333 1326 inmu-

276 1370 351 1429 tare
366 1365 422 1429 uel
438 1365 573 1430 irritum
588 1365 701 1429 facere
724 1365 958 1447 temptauerit,
976 1365 1063 1429 sciat
1079 1384 1117 1428 se
1138 1363 1212 1427 sine
1227 1362 1333 1427 dubio

277 1466 504 1549 omnipotenti
528 1466 592 1529 deo
619 1465 774 1530 fraudem
796 1465 921 1543 facere,
939 1472 974 1530 et
990 1464 1132 1548 proinde
1156 1483 1271 1528 coram
1289 1483 1334 1527 eo

276 1571 312 1629 et
350 1567 480 1631 sanctis
512 1566 645 1648 angelis
675 1567 749 1630 eius
785 1574 927 1630 aeterno
968 1565 1188 1630 anathemate
1224 1583 1333 1628 reum.

278 1664 483 1748 Quicunque
511 1687 593 1730 uero
621 1666 706 1730 haec
728 1685 817 1748 quae
848 1667 976 1748 largita
1004 1665 1239 1750 praediximus
1267 1665 1333 1728 sub

277 1766 336 1848 pia
358 1766 572 1849 protectione
590 1766 802 1857 custodierit,
819 1767 875 1831 uel
894 1787 957 1850 pro
974 1767 1030 1830 dei
1051 1766 1180 1830 intuitu
1202 1765 1333 1828 miseri-

278 1866 427 1930 corditer
454 1868 604 1944 auxerit,
624 1867 670 1930 sit
686 1867 888 1931 benedictus
909 1868 945 1930 in
971 1866 1122 1944 saecula,
1145 1865 1334 1948 audiatque

277 1966 313 2028 in
341 1967 396 2030 die
422 1969 610 2031 nouissimo
643 1968 809 2032 tremendi
837 1967 1006 2031 examinis
1036 1968 1080 2030 ab
1109 1967 1185 2050 ipso
1219 1965 1333 2029 iudice

277 2067 430 2129 omnium
442 2066 577 2132 onusto
592 2068 744 2144 domino,
762 2074 922 2132 aeternae
937 2067 1183 2131 benedictionis
1200 2085 1334 2142 uocem,

279 2166 428 2232 ‘Uenite
448 2168 618 2233 benedicti
644 2168 752 2251 patris
777 2168 857 2244 mei,
874 2169 1039 2251 percipite
1064 2186 1209 2249 regnum
1239 2166 1333 2248 quod

276 2268 376 2331 uobis
408 2277 568 2351 paratum
595 2276 649 2333 est
681 2269 726 2332 ab
758 2269 890 2350 origine
924 2268 1065 2332 mundi.’
1131 2266 1333 2330 Manentem

277 2367 385 2449 igitur
413 2368 503 2433 hanc
531 2369 699 2434 cartulam
729 2369 764 2431 in
793 2388 858 2432 sua
886 2388 1020 2452 semper
1054 2367 1227 2443 firmitate,
1253 2386 1334 2430 curn

278 2468 447 2550 religiosis
470 2471 616 2534 testibus
639 2469 741 2550 signo
760 2469 950 2534 dominicae
967 2469 1090 2548 crucis,
1108 2468 1143 2531 in
1166 2467 1232 2532 boc
1256 2466 1335 2531 loco

278 2569 338 2651 qui
366 2569 492 2634 dicitur
514 2570 739 2648 Dorouernis,
766 2570 936 2634 stabiliter
965 2571 1001 2634 in
1025 2588 1150 2635 aeuum
1176 2567 1335 2632 confirm-

272 2688 385 2732 amus.

688 2884 933 2951 DCCCCXC.

546 3029 711 3098 *POPE
741 3033 966 3112 AGATHO,
990 3033 1066 3099 680.

336 3185 375 3265 ›1‹
399 3181 684 3247 Gncarosrssluo
712 3184 783 3247 filio
810 3186 882 3267 regi
910 3183 1119 3248 Merciorum
1136 3185 1339 3263 AE’oelred0‚

280 3283 443 3348 fratribus
468 3302 604 3365 quoque
635 3291 670 3347 et
696 3285 909 3368 coepiscopis
933 3285 1116 3349 Theodoro
1139 3285 1340 3350 Dorobern-

281 3385 353 3447 ensi
377 3391 411 3448 et
434 3383 579 3447 Saxulfo
599 3384 931 3449 Mediterraneorum
949 3384 1142 3467 Anglorum
1166 3386 1222 3450 uel
1240 3386 1338 3449 Mer-

281 3486 411 3548 ciorum
436 3484 610 3567 episcopo,
629 3486 842 3568 caeterisque
860 3486 1174 3561 consacerdotibus,
1193 3484 1338 3568 Agatho

282 3604 403 3648 seruus
422 3604 600 3648 seruorum
622 3585 690 3663 dei,
715 3586 751 3648 in
775 3586 913 3651 domino
936 3587 1093 3650 salutem.
1146 3587 1338 3651 ‘Dominus

282 3685 452 3769 regnauit,
487 3684 621 3750 exultet
659 3693 763 3763 terra,
803 3686 976 3750 laetentur
1012 3686 1146 3751 insulae
1182 3687 1338 3765 multae,’

281 3806 380 3870 reges
404 3794 517 3849 terrae
541 3793 576 3848 et
600 3804 716 3850 omnes
743 3786 862 3870 populi
887 3794 923 3851 et
940 3795 1077 3851 caetera
1099 3787 1216 3851 omnia
1238 3787 1337 3852 laud·

282 3894 340 3950 ent
371 3905 495 3949 nomen
523 3885 662 3962 domini,
692 3888 774 3969 quia
802 3887 993 3951 exaltatum
1024 3895 1077 3951 est
1108 3906 1232 3951 nomen
1262 3889 1337 3952 eius

282 3987 408 4051 solius!
478 3984 603 4050 Gratia
637 3986 766 4050 domini
808 3988 918 4051 nostri
949 3987 1054 4052 Ihesu
1077 3987 1207 4052 Christi
1241 3990 1336 4070 regis

281 4088 433 4151 omnium
475 4087 701 4164 saeculorum,
750 4087 915 4152 foeliciter
957 4089 1083 4152 cotidie
1130 4089 1336 4172 adimpletur

280 4187 365 4252 baec
393 4187 593 4271 prophetica
619 4188 834 4264 exhilaratio
865 4190 1004 4270 quaudo
1031 4209 1130 4271 reges
1154 4198 1188 4254 et
1214 4198 1334 4272 gentes
