2888 4890
462 319 636 366 cunnrun
660 318 1002 368 uuonosnxoruosn.
1213 304 1256 368 15

523 555 939 637 Dccccnxxxvll'.

275 721 608 788 *FRIDUUALD
643 721 707 786 OF
731 720 949 800 SURREY,
970 721 1087 786 before
1103 722 1179 787 675.

266 872 306 953 ›1‹
341 871 387 936 ΙΝ
421 872 558 936 nomine
590 871 720 936 domini
748 870 934 935 saluatoris
965 871 1072 936 Ihesu
1104 870 1253 936 Christi!

199 968 305 1035 Hanc
320 972 539 1037 donationem
555 992 620 1054 ego
636 970 886 1034 Fribeuualdus
903 971 987 1034 iuris
1004 972 1072 1035 mei
1089 971 1133 1035 ad
1155 972 1255 1036 liber·

198 1078 306 1136 tatem
342 1072 614 1155 uniuscuiusque
644 1072 694 1135 rei
723 1070 886 1136 concedo.
947 1069 1254 1155 Quotienscunque

181 1170 316 1261 ¹aliqua
346 1191 409 1254 pro
441 1192 544 1255 opere
573 1172 714 1254 pietatis
746 1170 907 1235 membris
937 1169 1067 1234 Christi
1098 1172 1254 1254 impend-

197 1271 300 1348 imus,
315 1279 455 1336 nostrae
470 1273 606 1336 animae
623 1271 786 1354 prodesse
808 1270 990 1347 credimus
1012 1271 1096 1353 quia
1117 1290 1182 1335 sua
1203 1271 1254 1336 illi

196 1371 382 1435 reddimus·
397 1377 432 1437 e't
458 1380 578 1437 nostra
602 1392 671 1436 non
700 1371 877 1452 largimur.
944 1369 1025 1450 Qua
1052 1372 1094 1435 de
1125 1391 1162 1436 re
1188 1391 1254 1454 ego

199 1469 429 1536 Fribuualdus
445 1472 644 1555 prouinciae
669 1471 911 1535 Surrianorum
931 1472 1138 1552 subregulus
1162 1473 1253 1553 regis

198 1570 337 1637 Wlfarii
356 1571 623 1649 Mercianornm‚
648 1570 790 1655 propria
811 1572 1003 1648 uoluntate,
1027 1590 1113 1636 sana
1138 1579 1253 1636 mente

198 1672 400 1754 integroque
428 1672 583 1748 consilio,
609 1691 631 1735 a
659 1677 841 1753 praesente
872 1671 928 1735 die
956 1671 1059 1747 dono,
1091 1671 1253 1748 concedo,

197 1773 378 1849 transiero,
393 1778 445 1836 et
467 1773 510 1836 de
531 1791 608 1835 meo
631 1771 704 1835 iure
729 1771 763 1834 iu
788 1780 884 1834 tuum
909 1772 1103 1837 transcribo
1126 1781 1253 1836 terram

196 1871 240 1934 ad
260 1871 458 1954 augendum
480 1870 725 1936 monasterium
748 1871 840 1953 quod
865 1872 976 1954 primo
1002 1872 1066 1936 sub
1084 1892 1164 1953 rege
1180 1872 1252 1954 Eg·

125 1984 126 1987 ’
195 1973 294 2037 berto
311 1979 547 2036 constructum
569 1979 635 2048 est,
652 1971 865 2035 manentium
883 1971 1048 2036 ducentos
1071 1972 1115 2035 ad
1133 1973 1252 2036 robor-

195 2071 328 2136 andum¹
339 2072 429 2136 idem
445 2072 690 2136 monasterium
701 2072 793 2154 quod
806 2070 1007 2153 Cirotesege
1021 2079 1251 2154 nuncupatur,

196 2179 231 2236 et
256 2173 408 2256 quinque
441 2192 579 2237 mansas
610 2171 644 2235 in
677 2172 754 2236 loco
781 2171 841 2255 qui
873 2173 1000 2238 dicitur
1033 2178 1151 2254 Dorp:
1184 2192 1251 2236 uon

195 2271 308 2337 solum
325 2280 452 2338 terram
476 2273 528 2336 do·
544 2272 603 2336 sed
628 2271 793 2336 confirmo
817 2279 853 2337 et
876 2273 1045 2356 meipsum
1062 2279 1097 2336 et
1114 2272 1251 2336 unicum

196 2371 318 2436 filium·
349 2392 463 2438 meum
480 2399 481 2403 ¹
501 2372 537 2436 in
575 2372 805 2449 obedientiam
840 2372 1076 2437 Erkenuualdi
1116 2373 1252 2438 abbatis

196 2473 309 2551 trado,
325 2481 361 2538 et
382 2481 436 2538 est
460 2479 553 2537 terra
575 2473 666 2536 inter
691 2478 803 2536 totum
830 2472 1014 2536 coniuncta
1039 2474 1250 2539 manentium

196 2580 467 2647 trescentorum;
493 2580 529 2637 et
551 2573 693 2655 insuper
714 2572 815 2659 iusta
839 2569 964 2636 fiumen
980 2572 1080 2654 ·qu0d
1104 2581 1250 2638 uocatur

195 2675 316 2737 Darnis
343 2681 419 2739 tota
443 2673 628 2737 coniuncta
649 2672 751 2736 simul
780 2671 928 2754 ripariae
955 2671 1118 2736 fluminis*
1140 2693 1250 2756 usque

196 2773 240 2837 ad
256 2774 440 2838 terminum
455 2774 516 2856 qui
530 2773 655 2837 dicitur
671 2773 816 2855 antiqua
830 2771 926 2836 fossa
943 2771 977 2835 id
1000 2780 1054 2837 est
1070 2772 1249 2855 Fullinga-

195 2873 298 2947 dich;
337 2874 373 2937 in
404 2873 474 2938 alia
503 2881 602 2956 parte
633 2873 757 2938 iterum
791 2873 941 2937 eiusdem
974 2872 1122 2936 fluminis
1153 2873 1249 2956 ripae

195 2973 364 3056 usquead
380 2974 563 3037 terminum
578 2973 720 3037 alterius
736 2974 935 3054 prouinciae
951 2992 1041 3054 quae
1053 2974 1250 3056 appellatur

196 3073 403 3156 Sunninges.
454 3073 519 3137 Est
542 3080 656 3137 tamen
683 3073 725 3136 de
752 3072 869 3136 eadem
893 3079 986 3136 terra
1010 3091 1091 3154 pars
1116 3082 1250 3139 semota

195 3174 408 3238 manentium
430 3174 547 3237 decem
569 3173 669 3237 iuxta
691 3181 828 3254 portum
848 3171 1044 3237 Londoniae
1068 3174 1125 3236 ubi
1142 3194 1249 3238 naues

195 3275 371 3357 applicant
387 3293 497 3357 super
508 3273 597 3336 idem
624 3273 752 3336 flumen
774 3273 809 3335 in
827 3272 1017 3337 meridiana
1032 3281 1131 3355 parte
1148 3275 1250 3339 iuxta

194 3375 287 3438 uiam
309 3373 493 3457 publicam.
545 3371 634 3436 Sunt
648 3381 763 3437 tamen
784 3372 921 3437 diuersa
943 3373 1082 3437 nomina
1106 3374 1148 3437 de
1172 3375 1249 3457 ipsa

195 3474 314 3538 eadem
344 3482 446 3537 terra
479 3473 690 3555 supradicta,
727 3473 858 3538 scilicet
893 3472 1101 3553 Cirotesegt,
1117 3503 1120 3508 ·
1135 3475 1246 3559 Dorp,

196 3573 361 3655 Egchum,
390 3572 597 3649 Chebeham,
628 3571 809 3655 Getinges,
838 3573 1010 3654 Muleseg'‚
1041 3573 1246 3653 Wodeham,

194 3672 539 3750 Huneuualdesham',
560 3693 670 3756 usque
704 3673 747 3736 ud
784 3673 967 3736 terminum
998 3673 1247 3756 supradictum,

192 3775 283 3838 dono
300 3773 363 3836 tibi
379 3772 624 3837 Erkenuualdo
649 3782 685 3837 et
708 3773 752 3836 ad
774 3772 1017 3837 monasterium
1043 3780 1246 3838 construen-

189 3873 274 3937 dum
303 3880 338 3937 et
366 3874 541 3952 confirmo,
572 3880 610 3936 ut
637 3880 708 3937 tam
738 3880 785 3937 tu·
808 3892 911 3954 quam
944 3873 1074 3954 posteri
1104 3873 1154 3936 tui
1183 3895 1246 3957 pro

191 3974 325 4038 animae
377 3993 475 4038 meae
513 3974 662 4038 remedio
706 3973 917 4037 intercedere
944 3972 1130 4047 'debeatis
1169 3991 1246 4041 cum

110 4085 112 4090 ’
193 4074 606 4158 campestris-pratis,
630 4074 832 4157 pascuis-et
857 4072 1066 4151 fluminibus,
1087 4080 1123 4138 et
1139 4077 1248 4140 omni·
