2888 4890
443 363 615 417 cataras
640 359 984 417 ructosnxonrcsr.
1176 337 1242 412 189

673 616 757 686 Mc.

451 775 453 778 ·
481 833 483 837 ,
521 745 812 847 mnansriu,
834 771 910 835 927.

184 962 187 967 ι
245 921 284 1001 »1⁴
323 917 433 984 ΑΝΝο
464 919 655 985 dominicae
686 920 933 986 incarnationis
975 906 1237 988 .1›cccc.xx'vr1.

190 1018 267 1101 Ego
289 1020 512 1085 AEtSelstanus
537 1040 600 1085 rex
622 1041 685 1104 pro
704 1022 979 1085 remuneratione
1002 1030 1162 1087 aeternae
1186 1044 1239 1088 sa-

189 1118 286 1196 lutis,
310 1128 345 1184 et
368 1139 432 1201 pro
456 1121 568 1185 salute
593 1140 670 1185 mea
694 1129 729 1184 et
759 1121 893 1185 animae
920 1122 1028 1204 patris
1054 1122 1121 1186 mei
1146 1124 1240 1188 Ead-

190 1219 326 1297 uuardi,
351 1240 482 1302 proque
509 1221 702 1285 reuerentia
729 1228 765 1285 et
793 1219 922 1284 honore
953 1221 1238 1288 archisacerdotis

186 1319 525 1398 111111111111111110
549 1319 736 1385 aecclesiae
758 1319 887 1385 Christi
910 1320 946 1384 in
967 1321 1182 1387 Dorobernia
1204 1330 1239 1388 et
1342 1356 1349 1369 ·

190 1419 341 1485 familiae
369 1421 406 1484 in
431 1421 549 1485 eadem
577 1419 716 1485 Christo
743 1421 968 1505 omnipotenti
997 1421 1160 1487 seruienti
1194 1422 1237 1487 ad

191 1519 393 1603 suffragium
409 1520 573 1598 eiusdem,
589 1528 716 1584 terram
738 1519 823 1584 iuris
844 1521 911 1584 mei
934 1521 970 1585 in
993 1520 1118 1586 Cantia
1137 1523 1239 1588 sitam

191 1638 299 1702 supra
316 1639 421 1695 mare,
436 1620 572 1685 nomine
588 1619 789 1697 Folcustan,
807 1621 864 1684 ubi
889 1622 1060 1704 quondam
1083 1620 1148 1687 fuit
1165 1643 1239 1688 mo·

193 1720 380 1805 hasterium
406 1727 441 1784 et
466 1718 606 1784 abbatia
629 1727 828 1784 sanctarum
849 1721 1034 1802 uirginum,
1053 1721 1111 1785 nbi
1134 1724 1240 1787 etiam

191 1819 330 1901 sepulta
345 1826 398 1884 est
414 1827 537 1886 sancta
554 1821 768 1892 Eansuuitta.
809 1818 1031 1904 Quapropter
1047 1841 1112 1903 ego
1119 1822 1239 1910 AE’tel·

191 1922 313 1983 stanus
338 1920 543 1985 monarchus
569 1920 677 1985 totius
707 1920 908 1985 Britanniae
931 1921 1084 2002 cogitaui
1109 1922 1151 1985 de
1180 1923 1241 1988 illo

192 2018 269 2083 loco
296 2025 331 2083 et
354 2019 396 2082 de
420 2019 562 2085 seruitio
590 2019 718 2084 Christi
746 2027 781 2085 et
803 2028 945 2084 sanctae
967 2021 1102 2085 Mariae
1120 2023 1242 2087 matris

193 2119 267 2183 eius
298 2119 391 2202 quod
425 2119 507 2184 olim
541 2120 578 2183 in
606 2120 724 2184 eodem
757 2120 833 2184 loco
869 2120 942 2183 fieri
970 2121 1115 2197 solebat,
1144 2128 1239 2186 ante-

194 2228 298 2300 'quam
321 2219 449 2302 pagani
466 2219 718 2283 destruxissent
737 2219 850 2284 locum
872 2218 979 2297 illum,
996 2220 1074 2284 dedi
1096 2220 1241 2284 eundem

195 2317 307 2384 locum
321 2319 521 2384 'aecclesiae
540 2319 682 2396 Christi,
704 2326 743 2383 nt
770 2319 950 2383 seruitium
976 2321 1067 2403 quod
1094 2319 1145 2383 ita
1168 2320 1241 2385 fieri

193 2417 329 2483 solebat
344 2420 555 2483 restituatur.
590 2419 627 2482 Si
638 2418 716 2502 quis
733 2427 861 2495 autem,
876 2419 967 2501 quod
983 2438 1053 2484 non
1069 2426 1241 2501 optamus,

195 2517 285 2582 hanc
303 2525 458 2583 nostram
474 2518 705 2594 donationem,
721 2518 878 2582 elationis
898 2518 1019 2583 habitu
1036 2519 1171 2598 cedens,
1189 2520 1242 2584 in·

196 2615 343 2700 fringere
376 2618 655 2702 temptauerit,a
687 2617 751 2682 deo
787 2626 979 2700 separatus-
1005 2618 1067 2682 fiat
1099 2638 1241 2684 consors

195 2718 423 2800 malignorum
435 2717 629 2802 spirituum,
642 2718 709 2781 nisi
726 2737 813 2801 pura
831 2717 1068 2782 emendatione
1085 2718 1243 2783 emenda·

197 2818 297 2883 uerit.
365 2818 418 2883 Sit
449 2826 565 2882 autem
602 2817 778 2901 praedicta
810 2825 903 2882 terra
934 2818 1043 2882 libera
1076 2818 1120 2880 ab
1149 2821 1242 2884 omni

197 2917 362 2982 mundiali
382 2918 560 2983 obstaculo
582 2937 659 2984 cum
680 2918 837 2983 omnibus
859 2918 924 2982 rite
944 2918 987 2982 ad
1013 2937 1050 2981 se
1069 2918 1243 2999 pertinen·

196 3019 300 3096 tibus,
318 3017 460 3102 campis,
476 3019 625 3103 pascuis,
640 3019 762 3101 pratiS,
781 3017 899 3093 siluis;
931 3016 1085 3100 exceptis
1102 3019 1244 3102 expedi·

196 3122 302 3197 tione,
319 3119 435 3199 pontis
450 3121 584 3183 arcisne
601 3118 849 3182 aedificatione.

254 3224 293 3304 ›1‹
315 3217 391 3298 Ego
421 3218 648 3284 AE'telstanus
673 3237 735 3281 rex
763 3219 862 3299 signo
889 3217 1001 3281 crucis
1031 3217 1245 3283 confirmaui.

202 3324 242 3406 ›1‹
264 3321 342 3404 E'go
356 3316 538 3383 Wlfelmus
557 3317 830 3382 Dorobernensis
844 3317 1120 3401 archiepiscopus
1137 3317 1245 3382 dona·

198 3425 327 3489 tionem
361 3418 451 3501 regis
481 3417 648 3500 trophaeo
680 3417 792 3480 crucis
824 3417 1037 3500 consignaui.
1094 3420 1133 3500 ›1‹
1167 3418 1245 3500 Ego

197 3520 399 3588 Deodredus
431 3517 612 3601 episcopus
644 3516 893 3581 Londoniensis
930 3515 1128 3599 subscripsi.
1200 3519 1240 3601 ⁵1<

199 3625 276 3706 Ego
292 3618 452 3699 AEllegus
467 3618 718 3683 Wintoniensis
741 3617 924 3699 episcopus
944 3615 1140 3700 subscripsi.
1202 3618 1241 3698 ›1‹

200 3725 276 3806 Ego
293 3720 370 3785 Oda
385 3717 641 3783 scirburnensis
656 3717 838 3800 episcopus
855 3705 1052 3798 subscripsi.
1113 3715 1153 3797 ›1‹
1169 3714 1246 3797 Ego

199 3823 365 3902 ngarus
381 3818 453 3882 dux
470 3817 669 3900 subscripsi.
