2888 4890
190 337 256 402 318
458 354 630 401 charran
653 352 992 400 ancnosaxonrcan.

194 512 352 576 consensi
366 518 471 595 atquc
487 512 658 575 roboraui.
716 511 756 590 »14
772 510 848 590 Ego
864 509 1085 573 Wulfstanus
1101 507 1250 571 archons

195 611 332 674 diuinae
349 611 527 674 seruitutis
545 609 656 673 officio
672 610 888 691 mancipatus
902 609 1080 673 Eboracae
1095 608 1249 672 ciuitatis

196 710 474 792 archiepiscopus
511 709 663 790 sigillum
700 716 841 772 sanctae
879 709 1040 790 crufflcis
1079 707 1248 789 impressi.

201 812 240 891 »14
272 810 348 890 Ego
377 809 544 872 AEllheah
570 808 821 872 Wintaniensis
850 808 1039 872 aecclesiae
1065 809 1252 890 episcopus

195 909 430 972 testitudinem
445 917 587 972 sanctae
603 909 766 990 crufflcis
780 907 968 990 subscripsi
985 915 1021 971 et
1034 907 1249 972 confirmari.

201 1010 240 1089 »14
264 1008 341 1090 Ego
362 1008 523 1073 Cenwald
549 1010 739 1090 episcopus.
806 1007 943 1089 ›14Ego
968 1007 1092 1071 AElfric
1115 1007 1249 1088 episco-

195 1127 273 1190 pus.
329 1111 368 1190 »14
395 1108 471 1190 Ego
499 1108 668 1189 AEttelgar
695 1102 888 1190 episcopus.
946 1098 986 1188 »14
1012 1106 1089 1187 Ego
1113 1105 1249 1170 AElfred

196 1207 389 1288 episcopus.
446 1210 485 1290 »14
504 1209 579 1289 Ego
593 1204 773 1270 AEdelstan
789 1207 873 1271 dux.
916 1207 959 1290 »14
977 1206 1054 1286 Ego
1067 1206 1251 1270 Eadmund

194 1306 279 1369 dux.
335 1307 378 1390 »14
396 1307 471 1388 Ego
481 1307 668 1371 AEttelstan
684 1306 767 1370 dux.
825 1306 954 1388 »14Εςο
969 1305 1248 1369 Ealhhelmdux.

201 1407 338 1488 ›1‹.Ego
363 1407 547 1470 Eadmund
569 1407 734 1470 minister.
791 1408 830 1487 »14
860 1406 936 1486 Ego
952 1405 1108 1469 AElfstan
1132 1407 1248 1468 minis-

195 1514 259 1569 ter.
344 1508 383 1587 »14
412 1507 487 1588 Ego
508 1505 657 1570 Wnlfric
688 1506 854 1568 minister.
918 1506 957 1586 »14
993 1505 1069 1586 Ego
1098 1504 1249 1587 AElfsige

196 1605 361 1669 minister.
412 1608 451 1687 »14
478 1606 554 1686 Ego
578 1604 725 1669 Wnlfric
742 1605 906 1667 minister.
964 1606 1002 1686 »14
1031 1604 1107 1686 Ego
1126 1606 1247 1670 AEael-

195 1704 302 1785 geard
328 1705 495 1769 minister.
560 1708 600 1787 »14
629 1705 705 1786 Ego
735 1703 858 1767 AElfric
885 1703 1050 1768 minister.
1110 1707 1150 1786 »14
1171 1705 1248 1787 Ego

197 1803 361 1868 AEdelnod
377 1805 544 1869 minister.

663 1899 783 1913 ...—

610 2002 835 2068 ncnxrn.

563 2127 783 2230 annaeo,
812 2153 886 2217 ors.

246 2305 285 2384 »14
318 2303 363 2365 ΙΝ
395 2301 531 2366 nomine
559 2303 641 2365 almi
671 2310 707 2366 et
739 2302 840 2383 agiae
870 2301 1024 2383 sophiae,
1055 2302 1115 2385 qui
1148 2323 1246 2367 mon-

197 2402 348 2466 archiam
373 2401 492 2464 mundi
520 2403 628 2466 totius
655 2421 697 2466 ac
719 2400 957 2466 celsitudinem
979 2401 1165 2481 coelorum,
1189 2405 1246 2467 ab

196 2503 371 2584 ditamque
389 2501 659 2584 profunditatem
676 2502 847 2583 turgentis
862 2502 982 2565 oceani
1003 2503 1040 2565 in
1061 2502 1142 2567 altis
1156 2511 1193 2567 et
1209 2503 1245 2566 in

195 2603 274 2667 imis
308 2603 424 2666 omnia
455 2621 533 2665 cum
571 2621 655 2666 suae
684 2602 876 2665 maiestatis
907 2602 1050 2684 imperio
1084 2623 1175 2667 nunc
1210 2612 1244 2668 et

198 2703 234 2764 in
262 2721 387 2765 aeuum
416 2703 598 2783 gubernat,
616 2721 679 2764 ceu
706 2701 916 2783 pupillarum
941 2703 1084 2766 obtutus
1108 2722 1170 2784 per
1187 2704 1247 2766 tri-

199 2802 368 2884 quadrum
387 2802 550 2864 mundum
569 2801 693 2865 cotidie
711 2801 863 2864 cernitur
880 2820 922 2864 ac
937 2801 1159 2866 manifestata
1175 2803 1248 2885 sig·

199 2921 244 2964 na
259 2902 489 2976 declarantur,
502 2901 674 2984 quomodo
692 2900 901 2964 transeuntis
917 2901 1034 2964 mundi
1046 2901 1248 2967 uicissitudo

199 3001 370 3065 diuturnis
408 3000 501 3063 horis
536 3000 721 3064 crescendo
758 2999 936 3078 decrescit,
979 3008 1014 3065 et
1051 3001 1249 3084 ampliando

200 3101 393 3179 minuatur3
423 3106 537 3164 tamen
564 3118 712 3183 superno
744 3099 821 3164 fulti
851 3099 1059 3164 adminiculo
1086 3103 1250 3184 prosequi

199 3200 391 3280 indigemus
429 3200 474 3262 ad
514 3200 595 3266 alta.
666 3198 774 3263 Cuius
815 3199 947 3263 scilicet
984 3200 1131 3264 feruoris
1167 3202 1249 3284 igne

200 3296 418 3383 [succensus]
447 3319 512 3380 ego
534 3299 712 3364 Eadredus
740 3300 889 3362 basileus
913 3297 1107 3380 Anglorum
1131 3309 1247 3366 caete·
1287 3320 1290 3325 ·

198 3419 382 3482 rarumque
408 3399 563 3480 gentium
594 3401 630 3463 in
664 3399 809 3462 circuitu
836 3398 1093 3480 persistentium
1121 3402 1247 3480 guber·

197 3508 298 3564 nator
321 3506 357 3563 et
376 3506 500 3573 rector,
517 3499 652 3562 cuidam
677 3518 753 3562 meo
782 3498 874 3561 fideli
901 3498 1069 3576 ministro,
1091 3499 1248 3566 uocitato

197 3600 332 3663 nomine
349 3598 507 3674 AElfrico,
531 3597 724 3662 deuotionis
747 3597 821 3661 eius
849 3598 1004 3662 sollertia
1026 3599 1248 3682 eiusdemque

199 3700 358 3781 placatus
375 3698 552 3781 obsequio,
564 3699 726 3779 dignatus
744 3716 820 3760 sum
834 3697 1010 3779 impertire
1025 3714 1090 3764 ‚xa
1108 3718 1248 3765 mansas

197 3800 234 3862 in
267 3799 328 3862 illo
360 3799 437 3861 loco
462 3799 521 3861 ubi
549 3797 748 3861 iamdudum
775 3798 939 3862 solicolae
972 3798 1064 3862 illius
1094 3800 1246 3881 regionis

199 3918 322 3962 nomen
338 3899 577 3979 imposuerunt
594 3906 639 3962 aet
656 3898 768 3962 Stoce.
820 3897 901 3962 Tali
916 3905 1033 3963 autem
1048 3907 1166 3964 tenore
1183 3899 1249 3965 hoc

198 3996 375 4081 praelatae
400 3998 654 4061 munificentiae
678 4017 803 4061 munus
832 3996 998 4062 tradendo
1024 3999 1192 4078 concessi,
1209 4011 1250 4066 ut

199 4097 373 4181 possideat
391 4094 457 4180 [ct]
476 4097 620 4161 firmiter
643 4104 759 4162 teneat
782 4117 892 4180 usque
916 4100 961 4162 ad
987 4099 1145 4163 ultimum
1170 4121 1250 4165 cor·
