2888 4890
395 411 567 460 canarno
590 412 935 462 Anonosnxourcnn.
1152 401 1197 465 35

138 568 219 647 Qua
252 570 294 634 de
324 591 360 634 re
392 590 458 653 ego
486 568 658 646 Oeadwal,
691 571 914 656 dispensante
948 573 1098 651 domino,
1131 593 1193 637 rex

137 669 328 748 Saxonum,
344 690 407 753 pro
423 670 574 735 remedio
595 672 731 737 animae
755 693 851 738 meae
876 681 1004 738 terram
1026 675 1125 738 uobis
1147 673 1192 737 ad

136 771 402 835 construendum
421 772 667 835 monasterium
683 773 720 836 in
736 780 909 856 potestate
925 776 1075 851 confero,
1092 775 1190 837 cuius

136 870 343 934 uocabulum
360 878 413 934 est
429 870 601 934 Fernham
622 871 659 936 in
676 881 832 939 cassatos
851 891 924 939 mx.
944 874 979 939 id
995 882 1049 938 est
1066 872 1189 952 Oedde,

140 970 224 1048 cisi,
236 969 472 1054 Criswanque,
486 991 632 1054 quorum
645 990 694 1037 .x.
705 974 740 1037 in
755 973 965 1055 Bintimgom
981 991 1031 1039 .11.
1050 974 1087 1036 in
1100 971 1192 1052 Oert,

136 1078 293 1136 caeteros
309 1080 422 1136 autem
434 1072 583 1154 propriis
597 1073 682 1137 locis
695 1080 731 1137 et
745 1074 939 1138 nominibus
953 1074 1192 1155 adsignantur,

138 1171 203 1235 hoc
226 1179 280 1236 est
295 1170 509 1236 Ousanweoh
530 1192 608 1236 cum
633 1173 790 1236 omnibus
813 1174 856 1237 ad
882 1193 920 1238 se
942 1175 1193 1258 pertinentibus

137 1273 280 1354 campis,
305 1272 415 1348 siluis,
444 1272 565 1356 pratis,
600 1274 751 1355 pascuis,
779 1274 949 1357 piscariis,
981 1274 1193 1351 fluminibus,

137 1372 301 1450 fontanis,
329 1371 472 1437 liberam
503 1392 525 1436 a
555 1392 610 1436 me
641 1372 799 1438 habeatis
829 1374 1002 1438 licentiam
1031 1374 1194 1452 donandi,

138 1472 384 1549 commutandi,
394 1474 474 1537 etin
491 1473 633 1537 arbitrio
650 1479 768 1537 uestro
785 1474 832 1539 sit
843 1475 968 1557 posita.
994 1473 1194 1558 Numquam

137 1591 203 1654 ego
221 1571 455 1655 haeredesque
477 1574 543 1636 mei
566 1573 638 1637 ullo
656 1578 811 1656 tempore
832 1580 954 1638 contra
975 1574 1064 1639 hanc
1084 1575 1193 1638 dona·

137 1673 243 1737 tionis
272 1672 441 1736 cartulam
478 1673 597 1737 uenire
631 1674 864 1757 temptauerit.
926 1674 1030 1753 Quod
1057 1675 1088 1738 si
1115 1674 1193 1757 quis

138 1774 288 1856 superba
319 1773 587 1856 praesumpserit
611 1773 807 1857 inruptione
832 1773 1019 1856 infringere
1049 1782 1112 1838 aut
1133 1775 1194 1837 mi-

139 1893 244 1938 nuere
273 1892 335 1956 per
350 1872 567 1956 tyrannidem
594 1873 682 1939 hanc
708 1893 730 1938 a
751 1894 806 1939 me
828 1882 942 1939 actam
962 1874 1195 1952 donationem,

138 1973 183 2038 sit
209 1980 391 2057 separatus
417 1974 462 2037 ab
481 1972 574 2037 omni
598 1974 763 2039 societate
780 1974 980 2053 christiana,
997 1983 1195 2039 manentem

139 2093 223 2138 uero
244 2073 288 2138 in
312 2093 376 2137 sua
411 2073 652 2138 nichilominus
675 2075 846 2138 firmitate.
902 2073 1031 2139 Actum
1055 2075 1091 2139 in
1117 2075 1194 2139 loco

138 2174 235 2238 cuius
262 2160 551 2239 uocabulum'est
568 2174 836 2256 Besingahearh.
889 2171 994 2239 Anno
1016 2175 1059 2238 ab
1082 2175 1196 2238 incar·

137 2274 275 2339 natione
297 2273 424 2339 domini
448 2275 557 2338 nostri
581 2274 686 2338 Ihesu
702 2272 829 2339 Ohristi
854 2291 1116 2341 .nc.nxxxv111.
1141 2275 1194 2338 in-

137 2375 287 2439 dictione
307 2391 342 2439 .1.

182 2475 326 2558 Signum
340 2480 462 2538 manus'
474 2473 613 2540 Oenwal
628 2474 719 2557 regis
735 2482 770 2539 et
785 2475 961 2539 donatoris
973 2477 1027 2557 »14.
1068 2476 1107 2556 »14
1119 2474 1194 2555 Ego

138 2574 321 2640 Wilfridus
367 2575 550 2658 episcopus
598 2575 687 2639 hanc
732 2574 952 2639 donationem
996 2575 1194 2656 subscripsi.

146 2677 185 2757 »14
208 2676 285 2757 Ego
317 2674 593 2739 Herconwaldus
626 2676 808 2758 episcopus
849 2675 1000 2739 eiusdem
1038 2675 1198 2739 donatio-

140 2794 218 2839 nem
250 2775 448 2857 subscripsi.
519 2776 558 2856 »14
581 2774 657 2856 Ego
674 2774 802 2839 Hedda
827 2776 1009 2858 episcopus
1038 2774 1195 2838 donatio-

142 2895 217 2938 nem
246 2894 375 2958 aroge
409 2875 536 2939 factam
569 2875 769 2958 subscripsi.
842 2877 881 2957 »14
912 2875 988 2958 Ego
1015 2873 1197 2939 Aldclmus

140 2975 302 3058 indignus
324 2976 432 3040 abbas
448 2975 513 3039 hoc
530 2975 783 3058 cyrographum
798 2975 996 3058 subscripsi.
1059 2977 1098 3057 »14
1120 2975 1197 3056 Ego

143 3075 276 3157 Hugon
300 3077 418 3140 abbas.
483 3076 522 3156 »14
551 3074 627 3156 Ego
652 3074 844 3138 Eadbertus
872 3075 989 3140 abbas.
1060 3075 1197 3156 ›14Ego

140 3175 279 3241 Wadda
309 3176 499 3260 presbyter.
576 3176 615 3256 »14
649 3175 726 3256 Ego
755 3173 860 3238 Guda
891 3177 1079 3259 presbyter.
1151 3175 1190 3255 »14

141 3275 219 3358 Ego
233 3275 334 3339 Buda
362 3276 552 3359 presbyter.
621 3274 880 3357 ›14EgoBicca
904 3276 1094 3358 presbyter.
1152 3275 1191 3355 »14

143 3377 221 3460 Ego
237 3376 369 3440 Welisc
395 3376 586 3458 presbyter.
653 3375 796 3457 Signum
818 3394 941 3439 manus
958 3372 1121 3439 Wuddan
1143 3375 1198 3455 »14.

142 3477 287 3560 Signum
303 3495 425 3540 manus
443 3475 616 3540 Headdan
630 3478 685 3558 »14.
749 3474 893 3557 Signum
911 3493 1033 3538 manus
1048 3473 1199 3538 Eadbert

148 3579 204 3659 »14.
250 3576 393 3658 Signum
405 3594 526 3639 manus
535 3574 741 3656 Ooaenesffl.
787 3575 931 3657 Signum
943 3572 1199 3636 manusRewes

148 3679 201 3759 »14.
252 3675 397 3758 Signum
414 3675 691 3739 manusTeodan
713 3677 769 3757 »14.
832 3675 976 3757 Signum
1000 3691 1121 3735 manus
1135 3669 1199 3734 Os·

144 3777 233 3840 wine
249 3778 304 3858 »14.
352 3775 495 3858 Signum
511 3795 635 3840 manus
648 3775 804 3840 Snoccan
819 3775 874 3855 »14.
920 3772 1064 3855 Signum
1075 3790 1198 3834 manus

145 3875 293 3942 Moccan
310 3877 364 3958 »14.
