2888 4890
246 345 312 410 388
498 363 673 417 curaris
695 361 1042 410 succosnxourcnn.

251 519 359 582 nostri
380 518 509 582 decreti
531 517 786 599 cirographum,
806 517 895 581 sciat
916 526 960 581 sc¹
977 535 1093 581 coram
1115 515 1256 579 Christo
1274 523 1309 578 et

251 619 386 698 angelis
413 618 486 681 eius
513 617 548 678 in
573 616 751 681 tremendo
779 617 938 680 examine
961 617 1129 681 rationem
1158 615 1308 679 redditu-

252 737 340 792 rum,
371 718 436 780 nisi
462 718 518 780 hic
545 717 638 797 prius
664 717 845 780 emendare
867 718 1044 797 satagerit.
1093 715 1187 780 Nam
1208 733 1310 796 prae-

252 818 361 881 fatum
382 837 442 880 rus
467 816 570 879 nullis
597 817 700 881 certis
725 817 879 881 terminis
903 816 1086 892 dirimitur,
1103 815 1163 878 sed
1186 815 1310 896 iugera

253 917 412 981 adiacent
428 916 613 996 iugeribus.

309 1019 348 1098 ›1‹
369 1015 445 1097 Ego
457 1015 619 1096 Eaduuig
635 1033 697 1078 rex
715 1014 909 1095 Anglorum
926 1014 1214 1078 indeclinabiliter
1231 1034 1310 1077 con·

254 1116 353 1179 cessi.
426 1118 465 1197 ›1‹
487 1115 562 1196 Ego
576 1115 717 1196 Eadgar
734 1115 886 1178 eiusdem
904 1115 997 1196 regis
1014 1114 1121 1178 frater
1137 1114 1309 1177 consensi.

261 1218 300 1297 ›1‹
323 1215 399 1297 Ego
415 1215 494 1278 Oda
509 1215 787 1297 archiepiscopus
806 1234 884 1277 cum
912 1215 1012 1294 signo
1036 1221 1178 1277 sanctae
1198 1215 1311 1276 crucis

254 1316 428 1379 roboraui.
486 1317 525 1396 ›1‹
546 1316 623 1397 Ego
642 1313 812 1377 AEllsinus
835 1314 974 1396 praesul
997 1313 1150 1394 sigillum
1167 1320 1311 1376 sanctae

256 1415 367 1478 crucis
389 1415 556 1496 impressi.
613 1414 746 1495 ›14Eg0
769 1413 948 1477 Cenuuald
970 1413 1153 1494 episcopus
1172 1414 1312 1494 consig-

256 1515 350 1578 naui.
401 1517 440 1596 ›1‹
455 1514 532 1595 Ego
551 1512 890 1596 Oscytelepiscopus
907 1512 1118 1577 confirmaui.
1174 1515 1214 1594 »Β
1235 1513 1312 1593 Ego

259 1612 367 1677 Osulf
376 1615 558 1696 episcopus
576 1599 748 1696 adquieui.
805 1616 843 1695 ›1‹
860 1613 936 1694 Ego
955 1611 1135 1694 Byrhtelm
1152 1612 1311 1695 episcop-

257 1732 299 1776 us
321 1731 390 1775 non
412 1713 521 1775 renui.
579 1715 618 1794 »Β
647 1713 723 1793 Ego
746 1712 910 1776 AElfwold
937 1712 1118 1794 episcopus
1141 1714 1311 1778 consensi.

262 1814 300 1893 ›1‹
322 1811 399 1893 Ego
416 1811 576 1893 Uulssige
594 1813 777 1895 episcopus
792 1812 992 1894 subscripsi.
1050 1814 1089 1893 ›1‹
1109 1810 1192 1893 Ego
1201 1811 1318 1877 Aculf

257 1912 438 1993 episcopus
456 1911 619 1975 conclusi.
682 1914 721 1993 ›1‹
747 1912 824 1992 Ego
840 1910 1021 1974 Eadmund
1037 1911 1122 1974 dure.
1179 1914 1219 1993 ›1‹
1234 1912 1312 1993 Ego
1394 1944 1396 1948 ⁴

259 2011 442 2074 AEiielstan
458 2011 542 2075 dux.
592 2014 631 2093 ›1‹
650 2010 942 2091 EgoAEitelmund
956 2010 1039 2073 dux.
1088 2009 1313 2091 ›14EgoAElf-

259 2109 339 2173 here
357 2111 441 2173 dux.
498 2112 537 2191 ›1‹
552 2110 629 2191 Ego
642 2107 817 2190 AEbelsige
832 2110 917 2174 dux.
967 2112 1006 2191 »Β
1021 2109 1312 2191 EgoAEbeluuold
1352 2113 1354 2117 ’

259 2208 342 2272 dux.
415 2212 454 2291 ›1‹
487 2209 562 2290 Ego
594 2209 740 2290 AElfsigc
770 2210 946 2274 minister.
1018 2212 1056 2291 ›1‹
1080 2210 1156 2290 Ego
1175 2210 1313 2273 Uulfric

258 2309 424 2373 minister.
480 2312 520 2388 »Β
542 2309 618 2390 Ego
630 2309 841 2388 AEcelgeard
858 2310 1022 2373 minister.
1079 2311 1117 2390 ›1‹
1135 2309 1212 2390 Ego
1223 2309 1314 2373 AElf-

260 2427 324 2488 gar
341 2408 504 2474 minister.
574 2410 613 2489 ›1‹
637 2408 713 2490 Ego
730 2408 917 2491 Byrhtfer’o
947 2408 1111 2473 minister.
1173 2411 1212 2490 ›1‹
1235 2409 1313 2491 Ego

261 2507 395 2570 AElfred
410 2508 575 2571 minister.
632 2509 671 2588 ›1‹
692 2508 768 2589 Ego
787 2508 938 2589 Uullgar
954 2509 1118 2571 minister.
1176 2511 1215 2590 »Β
1235 2509 1313 2590 Ego

261 2606 409 2687 AElfsige
447 2608 614 2670 minister.
693 2610 732 2689 ›1‹
761 2608 837 2689 Ego
865 2607 990 2671 AElfric
1020 2607 1185 2671 minister.
1269 2609 1309 2690 ᾧ

261 2705 337 2786 Ego
356 2706 534 2770 AElsuuine
552 2707 718 2771 minister.

688 3003 905 3069 mccvrrr.

477 3123 696 3230 niowrc,
721 3154 1003 3238 Februaryleth,
1019 3155 1096 3221 osc.

318 3300 356 3379 ›1‹
377 3297 516 3360 Nrcrrrr.
533 3300 568 3362 in
584 3301 648 3364 hoc
666 3303 806 3366 saeculo
823 3303 960 3386 prolixa
977 3305 1163 3368 foelicitate
1178 3305 1317 3383 fruitur,

262 3396 366 3461 nichil
389 3397 551 3461 diuturna
577 3400 810 3465 dominatione
834 3404 974 3485 potitur,
998 3403 1103 3468 nichil
1129 3405 1222 3486 quod
1247 3426 1315 3469 non

262 3496 305 3560 ad
338 3496 478 3560 fatalem
512 3498 605 3562 uitae
646 3501 826 3564 terminum
858 3503 970 3566 ueloci
1004 3523 1106 3568 cursu
1140 3504 1317 3569 tendatur.

263 3595 417 3679 Ideoque
445 3605 484 3659 ut
510 3596 779 3663 orthodoxorum
809 3601 1047 3667 demonstrant
1074 3603 1318 3684 paradigmata

188 3718 205 3747 ο
262 3696 312 3758 sic
328 3695 427 3759 nobis
444 3696 694 3767 mundanarum
710 3719 822 3763 rerum
840 3702 1067 3783 patrimoniae
1084 3710 1165 3766 sunt
1181 3703 1317 3784 perfru-

263 3794 384 3872 endae,
406 3802 445 3857 ut
462 3802 577 3859 tamen
603 3804 763 3862 aeternae
789 3802 923 3881 patriae
949 3801 1187 3866 emolumentis
1216 3823 1319 3867 num·

263 3911 368 3975 quam
384 3892 591 3958 fraudemur.
633 3895 866 3974 Quamobrem
883 3919 948 3980 ego
958 3900 1132 3982 Eaduuig,
1143 3910 1318 3969 annuente

264 3990 442 4055 altithroni
467 3995 693 4059 moderatoris
715 3998 870 4079 imperio,
887 4000 1000 4063 tocius
1015 3997 1175 4064 Albionis
1195 4002 1319 4066 triuia-

264 4090 324 4153 tim
342 4092 472 4174 potitus
495 4095 671 4174 regimine,
692 4117 760 4160 non
788 4097 955 4162 inmemor
978 4100 1022 4163 ob
1039 4098 1104 4164 hoc
1125 4099 1319 4166 mihi‘reci·
