2888 4890
425 382 598 431 oularnn
621 380 969 432 iuonosnxourcnn.
1156 366 1222 429 229

606 565 789 631 MCXVI.

497 684 785 796 mnuusriu,
808 713 885 779 aaa

207 837 468 922 fflAxcnnuius
484 840 644 920 agonista
657 840 905 903 sermocinatus
920 845 974 902 est
988 838 1024 901 in
1039 840 1219 922 scripturis

166 936 303 1016 diuinis,
326 938 477 1002 ‘Omnia
499 958 589 1020 quae
609 938 770 1002 uidentur
792 938 997 1021 temporalia
1017 948 1110 1016 sunt,
1130 942 1218 1023 quae

166 1044 282 1101 autem
306 1058 375 1102 non
391 1038 553 1102 uidentur
575 1037 745 1114 aeterna’;
769 1038 900 1102 idcirco
922 1038 1099 1120 superflua
1120 1047 1219 1104 uten-

165 1135 257 1200 tibus
283 1138 420 1202 diuinus
443 1157 555 1203 sermo
576 1145 614 1202 ut
635 1139 857 1219 suprataxati
878 1156 996 1201 sumus
1020 1139 1218 1204 terribiliter

165 1244 377 1318 praemonet,
408 1245 447 1302 ut
479 1237 581 1301 buius
613 1238 743 1302 saeculi
775 1237 907 1302 caduca
937 1244 1217 1320 contempnentes

164 1336 401 1419 spiritaliaque
425 1338 602 1401 imitantes
625 1338 789 1402 coelestia
810 1356 1032 1420 properemus
1065 1337 1108 1401 ad
1142 1359 1219 1422 reg÷

164 1437 229 1501 na!
296 1435 528 1515 Quamobrem
559 1456 625 1519 ego
659 1437 886 1501 AEbelstanus
919 1436 1088 1501 desiderio
1120 1441 1217 1520 regni

163 1535 323 1600 coelestis
351 1536 533 1612 exardens,
559 1537 698 1601 fauente
721 1557 869 1619 superno
898 1537 1037 1600 numine
1065 1537 1216 1602 basileus

164 1635 353 1699 industrius
381 1633 576 1717 Anglorum
600 1644 870 1719 cunctarumque
899 1638 1053 1718 gentium
1084 1638 1118 1700 in
1152 1639 1215 1702 cir-

164 1735 259 1799 cuitu
277 1736 545 1817 persistentium,
564 1735 699 1800 cuidam
716 1736 880 1818 adoptiuo
899 1735 991 1800 fideli
1007 1757 1083 1800 meo
1099 1739 1217 1802 minis·

164 1841 219 1898 tro
237 1834 399 1899 AEbaered
430 1837 597 1912 uocitato,
621 1836 665 1899 ob
695 1836 790 1899 illius
823 1836 970 1900 amabile
1002 1838 1216 1919 obsequium,

164 1935 327 2018 diguatus
346 1953 424 1998 sum
446 1935 564 2018 largiri
591 1952 635 2000 .v.
661 1955 799 2000 mansas
821 1935 974 2016 agelluli,
1003 1934 1128 1999 ibidem
1157 1938 1216 2001 ubi

164 2035 326 2116 uulgares
348 2035 462 2117 prisco
482 2055 577 2099 more
598 2035 784 2118 mobilique
805 2035 971 2099 relatione
991 2035 1146 2100 uocitant
1171 2044 1217 2100 aet

166 2134 346 2212 Rimtune,
373 2143 409 2200 et
434 2136 535 2200 iuxta
564 2135 766 2199 deriuatiuis
796 2135 975 2199 fluentium
999 2137 1215 2200 successibus

163 2233 334 2316 Higbroc,
368 2254 446 2298 cum
480 2235 590 2318 pratis
623 2237 842 2317 pascuisque,
876 2254 1009 2299 necnon
1040 2242 1075 2297 et
1106 2236 1217 2313 siluis,

163 2334 398 2417 siluarnmque
420 2335 661 2411 densitatibus,
684 2343 724 2399 ut
744 2335 830 2399 baec
852 2353 1016 2417 prospere
1039 2335 1216 2416 possideat

164 2453 206 2499 ac
223 2434 444 2499 aeternaliter
462 2441 591 2512 teneat,
610 2434 690 2497 dum
711 2435 812 2499 buius
831 2436 908 2498 aeui
926 2434 1059 2516 fragilis
1077 2454 1216 2499 cursum

165 2535 218 2599 uti
241 2534 401 2613 audebit;
424 2541 505 2616 post
522 2554 560 2598 se
581 2540 709 2610 autem,
735 2535 844 2598 ueluti
865 2532 1124 2611 affirmauimus,
1143 2537 1214 2598 cui-

164 2653 300 2716 cunque
327 2633 478 2697 uoluerit
507 2633 646 2697 haeredi
672 2632 900 2715 derelinquat,
925 2652 989 2696 ceu
1019 2632 1217 2716 supradixi-

164 2753 253 2810 mus,
278 2735 314 2798 in
342 2740 517 2797 aeternam
540 2731 806 2806 haereditatem
831 2732 893 2796 fiat
911 2732 1037 2796 etenim
1059 2733 1217 2815 praefata

163 2841 258 2899 terra
282 2835 327 2898 ab
353 2834 447 2897 omni
466 2833 583 2897 seruili
611 2833 694 2914 iugo
715 2833 836 2909 libera,
860 2851 938 2896 cum
963 2832 1121 2896 omnibus
1148 2833 1215 2897 sibi

163 2933 230 2998 rite
263 2934 525 3016 pertinentibus,
558 2933 713 3015 exceptis
745 2933 800 2996 bis
839 2932 961 3009 tribus,
984 2932 1215 3014 expeditione,

164 3033 280 3118 pontis
304 3034 438 3097 arcisue
461 3031 752 3099 coaedificatione.
798 3032 958 3115 Denique
973 3051 1056 3096 uero
1078 3033 1108 3096 si
1126 3033 1214 3115 quis,

165 3134 264 3198 nobis
281 3154 349 3198 non
358 3133 571 3217 optantibus,
586 3140 740 3197 nostrum
759 3134 824 3196 boc
842 3134 970 3198 donum
987 3132 1110 3196 uiolari
1121 3132 1215 3197 frau-

162 3234 321 3299 dulenter
349 3234 578 3318 perpetrando
603 3233 825 3310 consenserit,
851 3232 1042 3296 consideret
1071 3232 1150 3296 binc
1179 3253 1217 3298 se

164 3334 220 3399 die
248 3334 371 3399 ultima
401 3333 518 3398 iudicii
547 3353 663 3397 coram
694 3333 758 3397 deo
790 3332 959 3397 rationem
991 3331 1216 3411 redditurum,

166 3443 271 3519 atque
298 3454 377 3499 cum
403 3434 557 3517 reprobis
583 3434 707 3515 quibus
732 3433 870 3509 dicitur,
897 3431 1095 3496 ‘Discedite
1117 3453 1139 3496 a
1161 3454 1216 3497 me

165 3534 339 3599 maledicti
354 3535 389 3598 in
405 3536 521 3617 ignem
541 3532 740 3611 aeternum:
755 3533 875 3615 poenis
895 3533 1069 3596 atrocibus
1086 3551 1123 3596 se
1140 3551 1216 3596 esse

164 3653 360 3718 passurum,
382 3633 501 3698 sinon
520 3640 626 3697 antea
646 3651 812 3715 corporea
836 3631 1079 3696 lamentatione
1102 3650 1215 3694 emen-

165 3733 310 3798 danerit.
372 3733 456 3798 Istis
477 3732 631 3799 terminis
653 3732 829 3814 praedicta
850 3740 943 3795 terra
963 3732 1217 3814 circumgyrata

166 3853 240 3898 esse
257 3833 406 3900 uidetur.
451 3832 517 3898 Dis
533 3833 666 3917 syndon
682 3830 741 3895 bes
757 3830 877 3895 landes
892 3819 1041 3911 gemam
1059 3837 1106 3893 aet
1121 3829 1216 3894 Rim-

166 3925 260 3999 tsine.
319 3933 437 3997 AErest
457 3933 497 3996 of
515 3921 695 4014 Higbrdce
719 3924 783 3996 sub
806 3930 958 4013 andlang
980 3920 1037 3993 dic
1059 3948 1103 3992 on
1126 3935 1216 3994 ’oona

165 4035 317 4120 herpa’63
350 4038 437 4097 west
468 4033 618 4114 andlang
648 4033 816 4115 herpabes
842 4050 887 4094 on
918 4029 1060 4095 wendan
1089 4018 1214 4103 marim

166 4155 210 4200 on
229 4131 324 4200 mord
341 4123 418 4213 dic;
441 4131 554 4197 bonon
579 4132 663 4196 norb
686 4132 835 4213 andlang
853 4128 1017 4214 berpabes
1034 4148 1080 4192 on
1098 4130 1216 4212 wittig-
