2888 4890
190 337 235 401 68
449 356 622 404 canarno
648 357 993 407 nucuosnxoumnr.

199 515 253 595 »1«.
318 513 395 596 Ego
418 511 614 596 Oelwlphus
648 514 757 579 frater
788 514 881 597 regis
910 513 1088 597 Kenulphi
1121 533 1251 597 appro-

193 612 274 680 baui
297 615 353 695 »1«.
421 614 497 696 Ego
514 614 695 696 AElfgarus
723 614 815 679 filius
845 613 997 696 AElfgari
1026 621 1167 696 gratum
1192 613 1251 678 ha·

194 713 255 775 bui
276 716 334 794 ᾖ.

616 928 832 995 MXXVII.
876 1002 878 1007 s

364 1069 694 1137 ARGHBISHOP
717 1068 983 1148 WULFRED,
1008 1068 1085 1135 811.

255 1214 295 1294 ›1‹
317 1211 427 1276 Auuo
457 1212 648 1277 dominicae
678 1211 925 1276 incarnationis
948 1227 1119 1277 ,nccc.x1.
1137 1211 1255 1277 Wulf·

199 1311 302 1375 redus
322 1312 600 1395 archiepiscopus
622 1310 705 1376 emit
732 1310 915 1376 aCenulfo
945 1330 1027 1393 rege
1054 1311 1118 1376 has
1141 1319 1256 1378 terras

200 1413 244 1476 ad
270 1431 357 1494 opus
382 1413 570 1477 aecclesiae
587 1410 717 1476 Christi
745 1411 779 1475 in
804 1411 1033 1489 Dorobernia,
1051 1409 1252 1492 Grauanea,

202 1510 477 1591 Casincburnan,
494 1520 529 1576 et
547 1510 784 1590 Elmanstede3
811 1519 847 1575 et
871 1511 908 1574 in
932 1511 1002 1574 alio
1022 1510 1099 1576 loco
1125 1519 1256 1578 terram

200 1613 347 1676 duorum
369 1620 563 1676 aratrorum
582 1622 671 1694 quae
695 1612 820 1675 dicitur
837 1610 1137 1694 Suuittuningland
1152 1613 1257 1678 iuxta

203 1711 408 1792 Grauanca;
430 1713 513 1778 item
538 1713 574 1776 in
600 1710 669 1775 alio
693 1710 771 1775 loco
797 1721 923 1776 terram
948 1731 1038 1794 quae
1058 1713 1259 1779 nominatur

201 1810 439 1895 Appingland.
491 1813 535 1878 In
550 1831 708 1878 maresco
724 1831 861 1894 quoque
881 1818 1008 1875 terram
1024 1812 1127 1876 unius
1143 1815 1254 1879 aratri

203 1913 294 1975 inter
317 1912 402 1977 haec
433 1922 582 1995 quatuor
605 1912 765 1989 confinia,
794 1912 838 1975 ab
868 1912 1000 1976 oriente
1016 1912 1181 1992 AElmart,
1209 1917 1255 1979 ab

204 2019 324 2076 austro
355 2011 590 2095 Bedlinghope
626 2013 662 2075 in
693 2011 832 2094 palude,
869 2013 913 2076 ab
948 2012 1125 2077 occidente
1162 2021 1260 2080 terra

205 2111 309 2192 regis
325 2113 368 2175 ab
391 2113 552 2196 aquilone
575 2111 887 2194 Klothamespynd,
905 2131 983 2174 cum
1000 2112 1151 2196 undique
1172 2115 1257 2197 legi·

204 2209 297 2274 timis
312 2211 478 2278 limitibus
495 2213 561 2278 rite
579 2212 623 2275 ad
639 2231 698 2276 eas
711 2212 973 2294 pcrtinentibus,
987 2211 1131 2295 campis,
1144 2213 1259 2293 Siluia,

204 2312 326 2394 pratis,
352 2313 502 2394 pascuiS,
527 2312 724 2395 paludibus,
750 2311 920 2389 litoribus,
940 2311 1065 2376 liberas
1092 2314 1136 2377 ab
1162 2316 1258 2379 omni

204 2411 375 2475 saeculari
414 2412 594 2490 seruitute,
625 2411 780 2494 exceptis
812 2411 1043 2493 expeditione,
1071 2415 1189 2495 pontis
1223 2424 1261 2482 et

205 2512 294 2575 arcis
310 2511 576 2577 constructione.
629 2512 705 2593 Ego
722 2511 824 2575 etiam
845 2510 975 2575 Cenulf
985 2532 1060 2590 rex,
1077 2532 1140 2595 pro
1158 2534 1259 2580 reue·

206 2613 317 2677 rentia
353 2624 388 2678 et
419 2612 601 2676 dilectione
636 2612 787 2675 eiusdem
824 2611 1072 2695 archicpiscopi
1099 2613 1261 2694 Wlfredi,

205 2711 393 2777 aecclesiae
411 2711 541 2776 Christi
558 2713 595 2775 in
612 2711 825 2775 Dorobernia
844 2711 935 2775 infra
951 2712 1088 2777 moenia
1106 2715 1201 2779 urbis
1221 2716 1258 2781 in

206 2812 351 2875 australi
382 2819 481 2894 parte
509 2810 686 2895 praelatae
714 2810 901 2875 aecclesiae
932 2812 1019 2876 duas
1045 2813 1135 2877 dono
1161 2834 1260 2880 man·

207 2910 320 2975 sioues
357 2919 392 2976 et
428 2911 602 2975 dimidiam
636 2911 728 2993 quod
758 2909 867 2992 Angli
901 2910 1020 2977 dicunt
1056 2903 1266 3000 priddahi'alf

207 3008 309 3089 haga,
328 3020 362 3075 et
389 3011 458 3074 duo
485 3018 588 3094 prata
613 3011 650 3074 iu
677 3011 837 3075 orientali
864 3022 963 3093 parte
989 3012 1139 3079 fluminis
1155 3014 1261 3081 Sture

209 3109 288 3173 sita.
341 3110 444 3176 Hanc
469 3131 582 3175 meam
604 3111 799 3194 largifluam
815 3111 1083 3177 munificentiam
1101 3115 1261 3198 quisquis

208 3208 340 3273 uiolare
359 3211 640 3293 praesumpserit,
657 3211 835 3294 disperdat
850 3211 947 3275 illum
964 3212 1062 3290 deuS,
1079 3221 1115 3279 et
1130 3235 1260 3281 memo·

209 3308 261 3373 ria
276 3311 349 3374 eius
364 3330 433 3375 non
447 3312 640 3394 requiretur
656 3331 678 3374 a
696 3312 917 3393 generatione
934 3313 969 3376 in
984 3314 1253 3394 generationem.

689 3497 809 3508 -η-ι

622 3608 861 3674 mxxvun

342 3726 612 3821 cornuum
640 3756 703 3822 or
727 3759 936 3840 meacm,
958 3762 1145 3829 rae-ear.

263 3920 381 3968 ...na
406 3904 591 3969 deuotione
614 3925 755 3970 seruans
781 3928 845 3973 suo
868 3910 939 3975 filio
956 3913 993 3975 in
1015 3912 1087 3977 uitat
1109 3915 1172 3978 sud
1189 3919 1266 3983 uol-

213 4004 301 4067 uerit
320 4002 500 4085 adquirere
517 4004 602 4069 illud
625 4025 693 4069 non
713 4007 968 4076 interdicamus,
1020 4012 1101 4078 Hoc
1124 4025 1159 4080 et
1178 4065 1186 4080 .
1203 4065 1213 4083 .
1232 4067 1266 4084 ..

212 4123 289 4186 quac
310 4103 378 4168 sita
393 4125 415 4167 4
432 4112 478 4169 aet
495 4104 739 4171 wincelcumbe
754 4125 836 4176 ‚1111.
852 4112 960 4176 boues
981 4111 997 4176 l
1015 4133 1140 4180 uaccas
1159 4117 1268 4201 digna
