2888 4890
191 371 235 435 76
442 389 616 436 caturae
638 387 987 437 Aucnostxouwnn.

192 545 327 609 moniae
345 565 467 610 causas
482 546 538 627 »1«.
592 544 821 627 AEeelwaud]
841 545 1023 628 episcopus
1040 546 1095 627 ᾖ.
1142 543 1251 608 Ceolr

192 645 292 709 berht
310 647 491 729 episcopus
513 647 568 728 ᾖ.
612 644 799 710 'Reduuin
827 646 1008 729 episcopus
1030 646 1086 727 »1«.
1154 645 1249 710 Ea’d·

191 745 291 810 berht
308 747 490 829 episcopus
514 747 567 828 »1«.
626 745 761 809 Eadulf
777 746 960 828 episeopus
982 746 1037 827 »1«.
1088 744 1250 810 Wihtred

193 847 300 910 abbas
321 847 377 928 ᾖ.
443 845 551 928 Syred
578 844 650 908 dux
673 846 729 927 ᾖ.
798 845 939 909 Eadwlf
951 845 1023 909 dux
1047 847 1102 928 ᾖ.
1156 844 1250 909 Ead-

192 945 293 1010 berht
316 945 388 1009 dux
406 948 461 1029 »1«.
514 945 683 1008 Ealhstan
704 946 759 1027 ᾖ.
812 944 962 1009 Ealdred
982 946 1038 1027 »1«.
1090 943 1249 1009 Eadbald

197 1046 253 1128 ᾖ.
305 1045 343 1109 Si
368 1047 446 1129 quis
478 1065 573 1122 uero,
606 1044 699 1128 quod
731 1044 834 1122 absit,
862 1045 952 1110 hanc
978 1043 1249 1109 munificentiam

192 1145 353 1228 frangere
370 1146 606 1230 temptauerit,
615 1145 705 1209 sciat
716 1164 754 1208 se
771 1145 1103 1210 anathematizatum
1119 1141 1188 1226 [e't]
1207 1145 1251 1209 ab

192 1247 285 1310 omni
305 1246 464 1329 synodali
487 1246 652 1310 societate
676 1252 887 1327 separatum,
906 1247 973 1309 nisi
990 1253 1071 1310 ante
1088 1245 1251 1310 satisfac-

191 1346 286 1411 tione
308 1346 372 1412 deo
390 1353 425 1411 et
441 1346 638 1411 homiuibus
655 1345 903 1410 emendauerit.

616 1645 834 1712 MXXXV.

284 1791 557 1859 ECGBERHT
587 1796 651 1860 OF
674 1795 893 1873 WESSEX,
916 1794 1007 1877 Aug.
1025 1793 1080 1872 19,
1095 1792 1172 1859 825.

225 1946 286 2027 ἧι
313 1943 476 2007 Uurnrus
499 1963 540 2007 ac
566 1944 649 2007 noui
678 1944 877 2009 testamenti
908 1943 1030 2027 pandit
1057 1943 1249 2009 auctoritas

193 2043 285 2127 quod
301 2043 448 2127 prouida
462 2043 647 2108 saluatoris
664 2051 699 2108 ct
715 2045 845 2108 domini
869 2045 980 2108 nostri
995 2043 1101 2107 Ihesu
1117 2042 1249 2108 christi

193 2142 404 2228 dispensatio
433 2163 552 2207 omnes
580 2150 719 2208 sanctos
745 2163 828 2208 suos
859 2144 902 2208 ad
928 2145 1037 2208 uitam
1059 2151 1248 2221 aeternam,

193 2245 455 2327 praeordinatos
484 2251 565 2307 ante
597 2243 716 2307 mundi
746 2244 1038 2319 constitutionem,
1061 2243 1178 2325 elegit,
1202 2263 1248 2308 ex

192 2345 317 2428 quibus
335 2342 521 2406 uniuersali
545 2343 733 2408 aecclesiae
751 2363 854 2427 quam
872 2344 1041 2426 sanguine
1061 2361 1124 2407 suo
1150 2343 1249 2408 rede-

193 2446 257 2509 mit
278 2445 346 2509 duo
372 2443 558 2508 luminaria
581 2444 793 2526 praeposuit,
813 2445 951 2509 beatum
967 2442 1130 2508 uidelicet
1145 2463 1249 2525 apos·

192 2545 342 2610 tolonum
364 2544 554 2627 principem
572 2543 715 2608 Petrum
737 2550 773 2608 et
790 2544 1028 2627 coapostolum
1051 2543 1126 2607 eius
1142 2542 1248 2607 Paul-

191 2666 262 2722 um,
289 2645 413 2729 quibus
439 2643 636 2727 specialiter
667 2643 703 2707 in
733 2644 829 2709 coelo
861 2651 896 2709 et
926 2645 963 2707 in
995 2651 1087 2709 terra
1115 2643 1250 2725 ligandi

192 2744 416 2828 soluendique
445 2751 653 2828 potestatem
676 2743 857 2820 concessit,
882 2752 921 2808 ut
947 2742 1065 2807 fideles
1091 2762 1249 2826 quosque

192 2850 256 2928 pro
284 2846 452 2908 bonorum
480 2863 622 2926 operum
645 2845 776 2908 meritis
800 2844 835 2906 in
861 2850 1002 2908 aeterna
1025 2843 1249 2908 tabernacula

193 2944 382 3027 recipiant3
405 2941 560 3007 infideles
589 2950 704 3007 autem
728 2951 763 3009 et
781 2943 938 3008 ueritatis
964 2943 1180 3007 aduersarios
1203 2945 1248 3007 ab

192 3046 351 3127 ingressu
369 3043 466 3124 regni
482 3043 738 3120 coelestis,solo
756 3062 924 3120 sermone,
941 3043 1122 3127 repellant.
1153 3041 1248 3122 Qua·

193 3150 336 3227 propter
353 3163 417 3225 ego
436 3142 660 3224 Egcberctus,
677 3143 786 3225 regali
804 3143 913 3208 fretus
940 3143 1121 3225 dignitate,
1143 3143 1247 3226 cupio

192 3243 303 3307 fidelis
330 3244 421 3306 inter
449 3242 567 3306 fideles
591 3243 750 3320 inueniri,
770 3251 805 3308 et
832 3243 984 3308 fidelium
1011 3242 1185 3325 particeps
1210 3244 1247 3307 in

193 3363 300 3425 regno
317 3343 501 3421 coelorum,
522 3343 629 3406 tantis
647 3343 814 3426 apostolis
835 3342 1137 3419 intercedentibus,
1158 3341 1247 3408 effici

192 3444 404 3520 desiderans,
442 3443 670 3524 omnipotenti
712 3442 777 3507 deo
816 3443 1063 3526 perpetualiter
1096 3443 1248 3507 concedo

192 3543 366 3628 quandam
404 3543 596 3626 portionem
629 3542 671 3607 de
708 3551 800 3607 terra
825 3562 931 3626 quam
965 3543 1246 3625 praedecessores

191 3644 259 3709 mei
296 3649 401 3725 atque
432 3642 616 3725 propinqui
642 3643 716 3708 iure
742 3641 971 3707 haereditario
1001 3640 1104 3706 michi
1133 3643 1246 3726 possi·

191 3744 338 3808 dendam
363 3741 586 3825 reliquerunt,
603 3742 735 3809 scilicet
759 3743 953 3825 quindecim
978 3741 1190 3806 manentium
1208 3743 1246 3806 in

191 3843 268 3908 loco
300 3842 360 3926 qui
389 3842 494 3906 solito
526 3843 570 3905 ab
598 3843 720 3908 incolis
752 3843 948 3908 AEweltune
981 3841 1188 3924 appellatur,
1211 3850 1247 3909 et

191 3942 280 4007 hanc
302 3943 495 4027 portionem
522 3941 651 4023 largior
678 3943 723 4007 ad
746 3951 848 4007 uetus
873 3943 1118 4006 monasterium
1145 3943 1245 4008 etad

191 4043 393 4108 aecclesiam
422 4042 605 4105 eorundem
629 4043 809 4106 beatorum
838 4043 1072 4125 apostolorum
1096 4041 1192 4106 Petri
1210 4050 1245 4108 et

191 4143 295 4213 Pauli
312 4144 347 4207 in
363 4141 545 4207 Wintonia
561 4142 703 4207 ciuitate
720 4143 765 4206 ad
789 4162 888 4206 usum
906 4142 1056 4207 familiae
1073 4161 1162 4226 quae
1180 4161 1244 4225 pro
