2888 4890
190 356 235 420 64
448 372 622 421 canarno
647 371 994 421 nnocosaxomonn.

193 532 399 608 damnasset,
426 549 538 612 neque
565 528 781 611 depriuasset
812 528 1019 592 haereditati
1048 530 1248 594 aecclesiae.

193 632 293 695 Tunc
321 651 383 694 rex
415 631 529 694 uerbis
558 629 728 710 legalibus
755 628 918 709 episcopo
951 630 1137 706 promendo
1169 650 1251 694 con-

193 732 358 808 sentiens
381 730 618 812 concessitque
651 728 813 810 episcopo
843 736 883 791 ut
911 728 953 790 ad
993 730 1135 812 propria
1171 749 1250 794 cum

193 831 315 895 cedula
338 838 536 905 remeasset,
559 828 752 910 ibidemque
776 827 850 891 sine
873 827 945 891 ullo
973 829 1137 893 conflictu
1160 849 1251 893 sem·

194 931 411 1014 piternaliter
444 950 522 994 cum
565 929 637 992 suis
666 927 924 991 successoribus
955 930 1150 993 mansisset.
1205 930 1253 994 Et

194 1030 260 1095 hoc
290 1050 406 1095 coram
439 1030 531 1094 omni
563 1028 696 1112 synodo
722 1034 759 1091 at
790 1026 953 1092 Gelchl’ee
986 1030 1158 1093 ascribere
1190 1028 1252 1093 de-

195 1131 385 1208 mandauit,
401 1139 440 1194 ut
465 1129 580 1192 nullus
605 1146 843 1191 successorum
867 1127 941 1191 eius
964 1147 1043 1191 eum
1068 1129 1105 1191 in
1132 1129 1252 1212 aliquo

194 1230 356 1294 molestet
384 1231 439 1294 uel
465 1228 665 1293 aecclesiam
693 1227 843 1309 agitaret
871 1228 936 1290 sub
961 1227 1026 1293 hoc
1051 1229 1252 1294 testimonio

195 1351 341 1415 quorum
359 1331 498 1394 nomina
516 1334 684 1392 caraxata
697 1347 773 1391 esse
789 1316 959 1390 uidentur.

247 1430 323 1511 Ego
342 1429 494 1494 Coenulf
514 1447 577 1492 rex
598 1427 808 1491 Merciorum
836 1426 902 1491 hoc
926 1427 1085 1491 consensi
1110 1435 1146 1492 et
1173 1429 1253 1493 sub-

195 1530 319 1612 scripsi
348 1532 406 1612 ›1‹.
475 1529 620 1610 Signum
651 1546 774 1591 manus
802 1525 977 1608 Hugberti
1009 1528 1164 1611 episcopi
1194 1530 1252 1610 ᾖ.

197 1629 340 1711 Signum
358 1648 480 1692 manus
495 1627 686 1691 AEoilhardi
715 1626 964 1709 archiepiscopi
982 1629 1036 1709 »1«.
1105 1627 1252 1710 Signum

197 1749 319 1793 manus
343 1729 503 1794 Ealdwlfi
523 1727 706 1811 [episcopi]
729 1728 782 1808 »1«.
850 1726 995 1808 Signum
1017 1746 1138 1792 manus
1157 1728 1256 1792 Cun-

197 1829 309 1894 berhti
329 1830 482 1912 episcopi
508 1830 562 1910 »1«.
631 1828 773 1909 Signum
798 1845 920 1890 manus
940 1827 1077 1890 Uiberti
1099 1829 1256 1912 episcopi

204 1930 258 2010 »1«.
311 1928 455 2011 Signum
471 1947 595 1991 manus
613 1927 802 1991 Deneberti
824 1927 977 2009 episcopi
997 1928 1054 2008 »1«.
1107 1927 1254 2010 Signum

198 2029 514 2095 manuszfhardi
543 2027 696 2111 episcopi
719 2028 774 2108 »1«.
837 2026 982 2108 Signum
1013 2047 1135 2092 manus
1159 2029 1254 2093 Ead-

197 2128 266 2193 wlfi
284 2129 438 2211 episcopi
458 2130 513 2210 »1«.

626 2340 825 2407 MXXIV.

248 2481 578 2547 ARCHBISHOP
601 2481 942 2560 AEDELHEARD,
966 2483 1213 2562 oct.12‚8oa.

254 2625 292 2705 ›1‹
320 2623 396 2686 Eoo
426 2622 673 2688 aeuelheardus
705 2623 820 2704 gratia
848 2621 884 2686 di
911 2621 1051 2687 humilis
1078 2626 1159 2689 siae
1192 2625 1257 2691 do·

191 2723 411 2787 robernensis
429 2724 616 2787 aecclesiae
634 2723 787 2804 ardepisd
804 2723 966 2787 unanimo
985 2724 1130 2789 concilio
1147 2726 1258 2790 totius

191 2823 255 2885 sie
296 2822 434 2905 synodi.
463 2822 758 2904 congregationib.
783 2823 899 2886 omniii
934 2825 1187 2889 monasteriorfi
1220 2845 1255 2909 q:

192 2920 278 2984 olim
296 2940 318 2984 a
335 2921 462 2985 fidelib.
485 2919 554 3008 xpo
572 2923 638 2986 diio
662 2921 789 3010 ppetuii
808 2922 844 2984 in
866 2921 1026 2987 libertati}
1043 2924 1162 2988 dedita
1183 2924 1256 2990 fue-

191 3026 290 3084 runt.
338 3019 380 3083 In
399 3022 535 3085 nomine
560 3020 595 3085 di
619 3021 880 3104 omnipotentis.
906 3029 985 3110 etp
1008 3023 1082 3086 eius
1107 3030 1258 3089 tremen-

191 3118 276 3182 dum
301 3120 465 3184 iudicium
486 3118 599 3207 pcipio
618 3168 626 3185 .
656 3120 754 3184 Sicut
771 3128 806 3184 et
824 3141 889 3202 ego
907 3122 1073 3186 mandati
1090 3142 1112 3187 a
1128 3124 1256 3190 domno

192 3219 392 3301 apostolico
429 3220 527 3284 leone
561 3239 653 3303 papa
685 3221 810 3307 pcepi.
851 3221 901 3284 Ut
930 3242 975 3284 ex
1002 3223 1067 3286 hoc
1101 3230 1257 3306 tempore

192 3317 340 3401 nunquit
363 3319 544 3384 temerario
569 3340 655 3383 ausu
684 3320 720 3382 'ir
749 3320 973 3385 hereditatem
1003 3321 1060 3385 diii
1090 3322 1198 3388 laicos
1221 3333 1258 3390 et

192 3412 396 3482 saeculares
419 3420 484 3483 sibi
506 3417 668 3506 psumaut
690 3420 848 3484 dominos
871 3421 1027 3501 eligere.
1070 3421 1137 3486 Sed
1164 3423 1257 3489 sicut

191 3518 227 3581 in
253 3518 453 3600 priuilegiis
487 3521 531 3582 ab
559 3519 751 3602 apostolica
781 3519 862 3583 sede
891 3520 981 3584 datis
1007 3520 1169 3589 habetur.
1192 3543 1257 3589 seu

192 3619 260 3682 etii
282 3617 335 3681 ab
361 3619 560 3701 apostolicis
586 3619 670 3682 uiris
694 3620 730 3682 in
757 3619 855 3683 initio
879 3621 1053 3684 nascentis
1068 3623 1258 3688 aecclesiae

191 3718 330 3782 traditii
346 3740 368 3781 ÷
385 3741 406 3805 p
425 3721 503 3782 sios
521 3738 670 3783 canones
697 3718 753 3782 uel
778 3718 846 3783 etii
863 3738 884 3782 a
901 3721 1011 3806 ppriis
1023 3724 1257 3802 ‘possessorio

191 3818 450 3882 monasteriorii
473 3819 681 3883 constituti.
700 3838 741 3882 ea
757 3819 879 3901 regula
896 3825 931 3882 et
946 3821 1169 3887 obseruantia
1184 3823 1257 3887 dis·

190 3917 320 4013 cipline
355 3936 419 3980 sua
453 3919 647 3983 monastica
673 3919 751 3981 iura
776 3919 938 3983 studeant
963 3921 1158 3988 obseruare.
1218 3923 1258 3988 Si

191 4035 274 4097 ergo
309 4016 403 4097 quod
432 4018 523 4081 absit
550 4019 617 4100 ipsi
639 4017 705 4081 hoc
729 4018 802 4081 nim
827 4018 1046 4084 mandatum.
1064 4029 1100 4086 et
1125 4022 1258 4088 domiui

191 4115 382 4197 apostolici
399 4136 512 4199 papae
530 4117 725 4200 spreueriut
742 4125 777 4182 et
793 4140 819 4205 p
835 4118 942 4184 nihilo
958 4120 1090 4186 ducunt
1107 4169 1115 4186 .
1137 4122 1260 4188 Sciant
