2888 4890
190 358 264 423 196.
447 376 619 424 cunnrsn
642 372 993 423 nucmsuxourcnn.

193 532 391 607 ouantibus,
408 532 607 614 perscripta
617 539 681 608 est,
698 530 797 595 cuius
814 519 919 595 etiam
937 530 1165 594 inconcussae
1182 517 1262 589 :fir--

194 626 325 696 mitatis
348 633 537 696 auctoritas
560 632 614 695 his
638 630 784 695 testibus
807 631 971 695 roborata
996 620 1135 695 constat
1157 646 1247 711 quo-

193 752 268 795 rum
284 734 424 796 nomina
439 734 561 796 subtus
578 731 813 795 karanteribus
830 729 970 813 depicta
984 736 1209 794 annotantur.

208 884 210 888 »
249 835 288 914 *1⁴
312 833 387 914 Ego
409 832 634 897 AErielstanus
654 831 840 913 singularis
858 829 1030 912 priuilegii
1046 826 1257 892 monarchia.

194 933 371 1013 praeditus
397 925 471 1008 rex,
505 932 606 996 huius
633 931 775 995 indiculi
800 929 1008 993 soliditatem
1034 948 1113 993 cum
1145 928 1248 1010 signo

195 1040 336 1096 sanctae
370 1040 412 1097 et'
434 1053 570 1115 semper
603 1032 770 1096 amandae
800 1031 911 1094 crucis
951 1029 1174 1093 corroboraui
1212 1033 1254 1090 et¹

195 1133 394 1216 subscripsi.
451 1136 490 1215 ›1‹
514 1133 589 1213 Ego
605 1132 841 1197 Wulfhelmus
866 1129 1141 1194 D‘orobernensis
1169 1146 1247 1191 aec·

196 1233 321 1299 clesiae
338 1225 630 1315 ,archiepiscopus
670 1233 829 1296 consensi
865 1239 901 1295 et
927 1228 1128 1312 subscripsi.
1202 1230 1241 1309 >1⁴

197 1332 273 1414 Ego
284 1325 447 1398 AElfwine
458 1335 639 1417 episcopus
655 1334 813 1397 consensi
824 1339 858 1396 et
868 1331 1068 1413 subscripsi.
1111 1331 1155 1411 ›1‹
1170 1329 1246 1410 Ego

197 1428 329 1496 Eaduls
338 1436 521 1517 episcopus
543 1433 701 1498 consensi
717 1442 751 1497 et
766 1432 963 1514 subscripsi.
1019 1429 1156 1513 ›14Eg0
1178 1428 1248 1493 Cu·

196 1528 276 1596 inan
288 1535 469 1617 episcopus
480 1535 637 1598 consensi
649 1541 684 1598 et
692 1531 889 1616 subscripsi.
947 1528 1248 1619 ›laeEgotAElfheah

197 1628 379 1715 episcopus
402 1625 569 1699 consensi.
581 1643 616 1699 et
633 1633 830 1715 subscripsi.
888 1635 926 1716 ›1‹
957 1631 1033 1712 Ego
1064 1628 1250 1695 Fri’bestan

197 1728 379 1815 episcopus
407 1735 564 1798 consensi
595 1743 631 1799 et
658 1732 856 1816 subscripsi.
936 1734 975 1813 »ιι
993 1731 1069 1812 Ego
1083 1723 1250 1795 cenwald

198 1834 381 1916 episcopus
406 1826 626 1899 consensi'et
656 1833 855 1914 subscripsi.
913 1834 952 1913 ›1‹
989 1829 1250 1912 Egowinsige

197 1933 379 2016 episcopus
415 1935 572 1999 consensi
609 1927 654 1998 et'
670 1930 869 2015 subscripsi.
949 1935 988 2012 »Β
1002 1931 1078 2012 Ego
1089 1922 1248 1995 Deodred

197 2033 380 2116 episcopus
410 2035 569 2099 consensi
595 2041 630 2099 et
655 2033 855 2115 subscripsi.
913 2034 952 2114 ›1‹
983 2031 1060 2113 Ego
1077 2028 1249 2113 Gynefers

198 2133 380 2216 episcopus
397 2135 556 2199 consensi
571 2141 606 2198 et
622 2133 820 2214 subscripsi.
876 2134 916 2214 ›1‹
950 2131 1026 2213 Ego
1055 2130 1249 2195 Eadwaard

198 2233 380 2316 episcopus
402 2224 559 2298 consensi
585 2242 621 2298 et
645 2233 843 2315 subscripsi.
913 2234 952 2313 >1⁴
976 2232 1052 2312 Ego
1079 2229 1251 2313 Cynesige

198 2335 379 2417 episcopus
408 2336 566 2399 consensi
594 2342 629 2398 et
657 2332 855 2416 subscripsi.
929 2333 968 2412 ›1‹
992 2332 1068 2413 Ego
1082 2331 1251 2414 AEscbyrt

198 2435 381 2516 episcopus
419 2435 576 2499 consensi
617 2442 652 2498 et
694 2433 892 2515 subscripsi.
974 2432 1013 2511 ›1‹
1034 2430 1110 2512 Ego
1128 2430 1249 2496 Wired

198 2534 381 2616 episcopus
392 2537 556 2600 consensi
573 2542 608 2598 et
624 2534 822 2616 subscripsi.
878 2534 916 2615 ›1‹
940 2532 1016 2613 Ego
1035 2530 1165 2612 Sigelm
1180 2531 1250 2613 epi.

198 2653 325 2716 scopus
341 2636 499 2698 consensi
513 2644 548 2698 et
561 2634 760 2716 subscripsi.
816 2636 854 2717 ›1‹
879 2632 954 2714 Ego
972 2631 1051 2696 Oda
1067 2631 1251 2713 episcopus

199 2735 357 2797 consensi
380 2742 415 2798 et
432 2736 630 2818 subscripsi.
688 2737 726 2816 ›1‹
750 2734 827 2815 Ego
846 2732 970 2797 Osfer'o
994 2731 1067 2795 dux
1090 2733 1250 2796 consensi

198 2840 233 2896 et
249 2834 447 2916 subscripsi.
514 2838 553 2917 ›1‹
569 2835 644 2916 Ego
663 2833 835 2917 Ecsby'rht
852 2833 921 2897 dux
942 2826 1100 2896 consensi
1117 2840 1153 2897 ct
1168 2833 1250 2897 sub·

199 2933 331 3016 scripsi.
354 2936 356 2940 ”
387 2936 427 3016 ›1‹
449 2935 525 3016 Ego
548 2936 701 2999 AElfstan
722 2934 793 2997 dux
806 2933 972 2998 ¹consensi
992 2941 1028 2996 et
1049 2933 1249 3014 subscripsi.

205 3035 244 3115 ›1‹
267 3033 344 3115 Ego
360 3035 492 3099 Uhtred
518 3035 591 3098 dux
616 3036 775 3098 consensi
795 3042 831 3098 ct
858 3033 1055 3115 subscripsi.
1112 3034 1152 3114 ›1‹
1174 3032 1251 3114 Ego

200 3133 349 3197 Ealdred
372 3135 443 3197 dux
462 3136 619 3199 consensi
642 3143 677 3199 et
699 3134 897 3215 subscripsi.
940 3134 998 3214 ᾖ(
1020 3132 1096 3214 Ego
1114 3132 1250 3198 Uhtred

200 3233 271 3296 dux
288 3235 445 3298 consensi
462 3243 497 3298 et
508 3234 708 3317 subscripsi.
766 3236 805 3315 ›1‹
822 3233 898 3314 Ego
909 3231 1067 3297 Gnarum
1086 3231 1158 3296 dux
1171 3253 1250 3298 con,

198 3333 287 3396 sensi
312 3342 347 3396 et
362 3334 563 3417 subscripsi.
620 3336 659 3415 >1⁴
680 3335 756 3416 Ego
775 3333 908 3397 AElfred
933 3333 1003 3397 dux
1033 3334 1193 3401 consensi
1207 3342 1251 3401 ,et

198 3433 396 3515 subscripsi.
451 3437 489 3516 ›1‹
506 3435 581 3516 Ego
593 3435 728 3498 Durum
740 3433 812 3498 dux
826 3434 984 3497 consensi
1001 3441 1037 3496 et
1049 3432 1250 3516 subscripsi.

203 3536 242 3615 »χι
266 3533 342 3614 Ego
361 3533 516 3597 Hawerd
534 3536 605 3598 dux
624 3535 780 3599 consensi
800 3540 835 3597 et
854 3533 1054 3615 subscripsi.
1111 3536 1150 3615 ›1‹
1173 3533 1251 3616 Ego

199 3633 412 3714 Regenwold
432 3633 504 3697 dux
520 3635 678 3698 consensi
692 3641 727 3698 et
743 3632 941 3716 subscripsi.
1012 3635 1051 3714 ›1‹
1070 3633 1153 3714 Ego·
1167 3633 1250 3700 Hau

199 3733 271 3798 dux
290 3734 447 3799 consensi
471 3742 506 3798 et
532 3734 731 3817 subscripsi.
787 3736 827 3816 ›1‹
848 3733 924 3815 Ego
943 3733 1048 3796 *Scule
1070 3733 1143 3799 dux
1165 3754 1250 3799 cou-

199 3834 291 3896 sensi
307 3841 342 3898 et
358 3834 557 3916 subscripsi.
614 3837 652 3916 ›1‹
677 3835 753 3916 Ego
766 3832 890 3899 AElfric
907 3834 1015 3897 abbas
1036 3835 1196 3897 consensi
1215 3843 1251 3901 et

199 3934 399 4017 subscripsi.
457 3936 496 4015 *1⁴
513 3935 589 4015 Ego
604 3934 768 3999 Eadwine
797 3935 904 3998 abbas
931 3933 1090 3997 consensi
1104 3941 1149 3999 ‚et
1167 3937 1251 4001 sub-.

200 4034 348 4115 scripsi.·
380 4034 501 4116 ›11Ego
512 4035 695 4101 Seaxhelm
714 4036 820 4098 abbas
836 4034 993 4098 consensi
1001 4041 1039 4098 'et
1050 4034 1252 4122 subscripsi.

205 4134 244 4213 ›1‹
257 4134 331 4214 Ego
340 4135 545 4200 AEbelmund
558 4135 714 4200 minister
728 4135 886 4199 consensi
905 4144 941 4198 et
952 4135 1166 4217 subscripsi.·
1206 4139 1246 4219 ›1‹
