2888 4890
401 372 574 420 cnrnrnu
599 372 946 424 nucnosnxonrcnu.
1157 358 1200 422 37

143 526 259 590 cilium
281 527 317 591 in
342 528 420 593 loco
442 532 501 612 qui
528 530 725 595 nominatur
741 530 966 609 Bachancild,
982 532 1199 615 praesidente

142 625 261 692 eodem
278 630 424 694 concilio
441 631 510 694 iam
528 632 705 695 nominato
720 631 986 696 clementissimo
1001 653 1082 715 rege
1095 629 1199 696 (lant-

142 727 318 792 uariorum
337 729 544 813 Whytredo,
567 738 603 795 et
624 731 743 796 eodem
774 732 970 796 uenerando
999 740 1097 815 patre
1126 734 1197 815 pri·

141 836 234 891 mate
251 829 359 894 totius
377 830 591 909 Britanniae,
610 831 781 913 simulque
795 832 908 897 Tabia
931 832 1093 917 episcopo
1110 832 1196 897 Rof-

141 926 247 992 fensis
282 930 480 1008 aecclesiae,
506 950 584 995 cum
612 933 807 1010 abbatibus,
834 933 1030 1011 abbatissis,
1055 934 1196 1017 presby·

141 1029 236 1107 teris,
252 1028 467 1109 diaconibuS,
489 1031 644 1110 ducibus,
668 1033 830 1116 satrapis,
853 1033 983 1117 pariter
1005 1040 1195 1099 tractantes

141 1126 183 1192 de
205 1135 301 1194 statu
328 1131 572 1196 aecclesiarum
598 1133 653 1198 dei
675 1134 711 1197 in
732 1130 874 1215 Anglia,
894 1140 928 1197 et
949 1133 992 1198 de
1016 1132 1082 1196 hiis
1105 1153 1196 1215 quae

140 1246 161 1290 a
189 1227 346 1295 fidelibus
373 1232 512 1316 regibus
532 1233 854 1318 praedecessoribus
881 1234 955 1298 eius
988 1240 1023 1297 et
1055 1235 1195 1317 propiu-

141 1329 232 1410 quis,
251 1330 450 1400 AEtelberto
473 1336 632 1400 uidelicet
656 1335 872 1418 posterisque
894 1335 980 1412 eius,
1000 1334 1065 1398 deo
1085 1334 1194 1399 omui·

141 1433 275 1513 potenti
290 1435 325 1497 in
340 1436 513 1518 propriam
527 1435 775 1499 haereditatem
790 1434 873 1498 data
888 1434 1036 1511 fuerunt,
1046 1434 1195 1516 qualiter

139 1532 326 1597 secuudum
344 1554 463 1599 ueram
479 1535 651 1599 iusticiam
667 1544 760 1599 stare
775 1543 810 1598 et
827 1554 1027 1618 permanere
1042 1535 1194 1610 ualeant,

139 1631 197 1695 uel
212 1633 384 1715 quomodo
409 1654 451 1698 ea
479 1655 618 1699 seruare
640 1642 799 1718 oporteat
823 1635 947 1699 amodo
969 1642 1004 1700 et
1026 1654 1135 1718 usque
1157 1636 1192 1699 in

140 1731 243 1797 finem
263 1734 392 1798 saeculi
412 1736 673 1800 constituentes.
720 1735 808 1816 Ego,
830 1735 954 1817 inquit,
967 1734 1193 1817 Whytredus,

141 1852 204 1896 rex
221 1840 390 1912 terrenae,
408 1854 430 1898 a
455 1855 536 1918 rege
558 1856 676 1918 regum
701 1843 937 1918 compunctus,
959 1835 1033 1899 zelo
1056 1837 1194 1900 rectitu-

139 1933 229 1998 dinis
257 1953 434 2013 acceusus,
450 1955 494 1999 ex
523 1937 665 2019 antiqua
695 1936 879 2001 traditione
906 1941 1104 2000 sanctorum
1133 1955 1195 2019 pa.

140 2039 231 2098 trum
252 2034 366 2113 didici,
384 2032 507 2122 [uon]¹
524 2055 600 2100 esse
621 2035 753 2101 licitum
775 2035 878 2100 alicui
893 2035 1022 2101 homini
1044 2035 1081 2098 in
1103 2034 1192 2100 laico

141 2133 261 2199 habitu
276 2137 467 2201 constituto
482 2156 650 2219 usurpare
667 2136 733 2199 sibi
749 2136 850 2218 quasi
867 2136 1041 2218 propriam
1059 2155 1196 2217 posses·

141 2235 270 2300 sionem
298 2237 391 2319 quod
417 2235 530 2300 fuerat
554 2244 635 2301 aute
661 2235 799 2300 domino
822 2255 1021 2300 concessum
1043 2242 1078 2299 et
1094 2255 1194 2302 cruce

141 2334 268 2400 christi
289 2335 474 2401 firmatum.
527 2335 660 2400 Scimus
690 2336 839 2400 enimet
865 2336 1035 2401 ueraciter
1057 2342 1195 2401 constat

141 2435 223 2519 quia
238 2436 331 2519 quod
348 2436 453 2500 semel
468 2436 640 2519 acceperit
667 2435 769 2501 homo
793 2435 976 2501 donatione
1001 2435 1144 2500 alterius
1159 2437 1195 2500 iu

140 2536 314 2620 propriam
344 2543 564 2619 potestatem,
602 2535 799 2600 nullatenus
836 2537 911 2600 sine
947 2535 1073 2600 iniuria
1108 2535 1193 2606 illud

139 2637 262 2701 iterum
290 2637 449 2702 dimittet.
515 2635 736 2700 Horrendum
774 2643 826 2700 est
852 2636 970 2719 itaque
1000 2635 1194 2700 hominibus

140 2738 241 2802 deum
260 2737 377 2801 uiuum
401 2736 608 2820 exspoliare,
635 2737 855 2819 tunicamque
880 2737 953 2800 eius
981 2746 1017 2801 ct
1038 2735 1194 2800 haeredi·

141 2845 248 2904 tatem
270 2838 437 2903 scindere.
489 2834 572 2901 (lum
592 2857 674 2919 ergo
688 2836 753 2901 deo
775 2836 929 2902 oblatum
944 2837 1075 2918 aliquid
1091 2835 1196 2901 fuerit

141 2939 184 3003 de
211 2939 356 3003 terrenis
382 2937 598 3014 substantiis,
626 2937 668 3001 ad
699 2937 763 3002 hoc
785 2946 824 3001 ut
848 2936 983 3001 facilius
1010 2937 1196 3019 promereri

140 3038 281 3103 ualeant
297 3038 478 3103 offerentes
496 3045 672 3101 aeternam
689 3037 950 3102 retributionem
967 3037 1143 3120 percipere
1159 3038 1195 3101 in

140 3140 245 3204 coelis
278 3138 458 3203 manifeste
497 3137 704 3215 declaratur,
736 3138 829 3220 quod
862 3145 992 3221 quanto
1026 3137 1196 3202 incautius

140 3239 243 3303 homo
277 3238 464 3303 saecularis
494 3238 662 3321 applicuit
687 3256 724 3301 se
756 3238 792 3301 iu
826 3237 1072 3302 haereditatem
1103 3238 1195 3321 regis

142 3339 283 3416 aeterni,
316 3345 416 3403 tauto
443 3338 632 3403 districtius
659 3357 680 3401 a
707 3336 772 3402 deo
800 3339 971 3420 punietur.
1029 3337 1099 3402 Pro
1127 3357 1197 3421 qua

140 3461 177 3504 re
206 3438 350 3503 firmiter
375 3439 601 3514 deceruimus,
630 3438 682 3519 [et
701 3438 737 3501 iu
758 3437 931 3520 nomine]¹
950 3438 1196 3520 omnipotentis

140 3540 195 3604 dei
210 3538 430 3622 omniumque
452 3545 648 3603 sanctorum
673 3539 913 3621 praecipimus,
936 3538 1095 3602 omnibus
1117 3557 1197 3602 suc·

140 3641 334 3705 cessoribus
356 3641 484 3705 uostris
506 3639 658 3719 regibus,
680 3638 890 3720 principibus
914 3645 949 3703 et
976 3639 1135 3702 omuibus
1160 3639 1197 3702 iu

139 3742 228 3806 laico
245 3740 366 3804 habitu
381 3738 590 3815 constitutis,
602 3745 642 3803 ut
658 3737 744 3800 nulli
761 3757 913 3820 uuquam
933 3737 1037 3802 liceat
1050 3738 1196 3802 alicuius

141 3841 330 3907 aecclesiae
358 3841 415 3904 uel
448 3838 648 3903 monasterii
681 3837 868 3901 dominium
894 3837 1020 3901 habere
1051 3857 1141 3920 quae
1175 3857 1198 3902 a

143 3962 197 4006 me
214 3942 270 4006 uel
292 3939 567 4006 antecessoribus
591 3937 675 4002 meis
690 3937 813 4020 priscis
833 3939 1044 4021 temporibus
1069 3938 1198 4002 tradita

142 4050 225 4105 sunt
242 4041 306 4106 deo
328 4042 363 4106 in
387 4047 588 4125 perpetuam
614 4037 862 4103 haereditatem
885 4046 919 4103 et
946 4038 1075 4102 sanctis
1098 4038 1194 4103 eius:

505 4159 512 4189 ¹
530 4161 645 4211 Omitted
655 4163 682 4210 iu
693 4161 766 4212 Cant.
777 4162 840 4224 Reg.
