2888 4890
438 398 613 446 canoras
638 398 985 448 aucnosnxourcan.
1174 382 1240 450 361

616 655 816 721 Mcxcrr.

557 779 776 886 ninwre,
797 806 873 871 aaa.
895 767 897 771 ⁴

250 961 290 1039 ›1‹
312 956 517 1021 ananiam
537 957 778 1040 inperpetuum
798 976 840 1021 ac
862 956 1076 1038 gubernante
1102 957 1240 1021 domino

190 1064 310 1121 nostro
326 1056 432 1121 Ihesu
449 1056 610 1122 Christo!
664 1056 791 1122 Omnia
811 1057 888 1121 iura
903 1075 1087 1138 regnorum
1104 1058 1239 1122 cunctis

192 1157 292 1239 agiae
317 1156 459 1240 sophiae
481 1158 611 1221 fontem
633 1156 869 1221 haurientibus
885 1176 990 1240 opere
1004 1157 1151 1239 pretium
1167 1157 1239 1221 sore

191 1257 339 1335 uidetur,
355 1258 447 1339 quod
471 1277 512 1321 ea
537 1276 626 1340 quae
654 1258 840 1322 secundum
867 1257 1028 1321 instituta
1045 1265 1081 1321 et
1101 1257 1241 1322 decreta

192 1358 411 1440 antiquorum
439 1366 576 1441 patrum
602 1365 752 1422 tractata
775 1357 912 1434 luerint,
933 1357 1091 1439 quamuis
1114 1357 1239 1421 ueridi-

193 1477 310 1522 corum
336 1457 510 1522 hominum
532 1477 644 1522 sermo
661 1457 893 1523 testimonium
919 1455 1101 1536 sufficeret,
1125 1466 1240 1522 tamen

193 1577 256 1640 pro
280 1559 413 1622 incerta
437 1558 566 1642 prolixi
595 1558 760 1641 temporis
785 1558 925 1622 sortuna
946 1559 1240 1641 cyrographorum

192 1658 341 1722 scedulis
368 1666 449 1722 sunt
474 1658 677 1726 roboranda.
743 1657 976 1738 Quamobrem
1002 1677 1068 1740 ego
1084 1659 1239 1741 Eadwig‚

194 1778 262 1822 non
292 1758 404 1822 solum
427 1757 739 1841 dagal-Saxonum
765 1759 915 1823 basileus
938 1760 1163 1825 uerumetiam
1187 1767 1242 1824 to·

193 1859 262 1923 tius
284 1859 445 1923 Albionis
466 1859 599 1924 insulae
626 1860 740 1941 gratia
764 1859 819 1923 dei
846 1866 984 1942 sceptro
1006 1859 1163 1941 iungens,
1181 1859 1242 1922 uni

195 1978 270 2022 meo
295 1959 455 2042 principi,
473 1980 574 2044 quem
598 1961 753 2024 uocitant
775 1959 929 2023 nonnulli
954 1967 1037 2023 noto
1062 1961 1242 2024 uocamine

195 2058 417 2140 AE'delgeard,
449 2081 526 2124 cum
563 2079 731 2124 consensu
764 2079 918 2123 meorum
954 2060 1158 2141 optimatum
1188 2077 1240 2125 .x.

195 2178 332 2222 mansas
358 2161 499 2242 perenni
526 2159 716 2225 stabilitate
744 2159 906 2236 concedo,
929 2159 964 2222 in
989 2159 1050 2223 illo
1077 2161 1153 2224 loco
1181 2161 1240 2224 ubi

196 2260 333 2341 uulgari
350 2260 593 2343 astipulatione
610 2279 776 2324 uocamen
794 2260 927 2342 antiqui
941 2260 1180 2342 imposuerunt
1195 2269 1242 2326 aet

197 2358 416 2443 Cittandene‚
445 2368 485 2425 ut
513 2361 639 2425 habeat
663 2380 742 2424 cum
772 2361 929 2424 omnibus
956 2380 1045 2443 quae
1073 2360 1118 2423 ad
1144 2360 1241 2424 illum

196 2460 310 2524 locum
334 2460 504 2543 pertinere
532 2469 732 2537 noscuntur,
762 2461 905 2544 campis,
941 2460 1091 2543 pascuis,
1119 2461 1242 2543 pratis,

197 2561 305 2639 siluis,
330 2561 494 2644 quatinus
511 2580 587 2626 mea
603 2561 729 2642 dapsili
744 2559 917 2625 deditione
934 2560 1098 2643 quamdiu
1125 2560 1242 2626 uitalis

197 2660 300 2725 datus
314 2681 415 2725 suum
430 2661 554 2725 fouerit
568 2680 694 2743 corpus
710 2660 811 2725 hilari
830 2662 945 2725 animo
963 2660 1158 2744 perfruatur
1172 2686 1181 2735 3
1207 2669 1243 2726 et

197 2768 276 2844 post
299 2780 337 2825 se
361 2761 500 2826 haeredi
528 2762 584 2825 oui
610 2761 759 2824 uoluerit
787 2761 1014 2844 derelinquat,
1043 2762 1133 2826 sicut
1160 2769 1242 2825 ante

196 2861 452 2926 manifestatum
468 2869 533 2941 est,
543 2861 773 2927 aeternaliter.
813 2860 940 2925 Careat
955 2868 1070 2925 autem
1086 2868 1243 2925 nostrum

196 2963 344 3026 carisma
374 2963 467 3026 omni
492 2962 666 3028 mundano
692 2961 846 3038 seruitio,
868 2970 1015 3043 excepto
1037 2961 1163 3043 triplici
1190 2961 1241 3026 la-

197 3063 291 3139 bore,
315 3063 546 3145 expeditione,
574 3063 688 3146 pontis
715 3062 847 3124 arcisue
873 3063 1138 3126 constructione.
1205 3061 1243 3127 Si

197 3164 274 3246 quis
288 3153 402 3226 autem
419 3162 604 3244 infringere
620 3162 854 3244 temptauerit,
872 3161 963 3243 quod
982 3161 1084 3239 absit,
1099 3163 1188 3227 sciat
1204 3183 1243 3228 se
1275 3244 1278 3249 y
1295 3189 1298 3192 ’

194 3264 365 3327 'rationem
385 3262 596 3327 redditurum
620 3281 735 3326 coram
762 3261 826 3324 deo
853 3269 888 3324 et
914 3261 1046 3343 angelis
1063 3263 1149 3340 eius,
1176 3264 1242 3329 nisi

178 3352 251 3433 'hic
285 3364 380 3445 prius
402 3363 584 3427 emendare
620 3363 798 3442 satagerit.
858 3353 942 3426 Istis
975 3362 1131 3427 terminis
1158 3363 1243 3428 haec

198 3462 300 3528 tellus
325 3465 456 3528 ambita
480 3463 629 3528 uidetur.
691 3463 757 3529 Dis
785 3462 871 3545 synd
895 3468 942 3526 ’aa
960 3453 1182 3544 landgemera
1202 3454 1242 3528 to

199 3562 417 3629 Cittandene.
482 3565 602 3628 AErest
636 3583 682 3627 on
709 3560 796 3624 bone
826 3561 966 3646 briddan
998 3562 1090 3625 hlino
1119 3567 1165 3624 lte
1202 3551 1241 3626 to

197 3652 478 3730 Hamelandsrnae
501 3654 611 3779 hyr&
641 3664 682 3727 oi
706 3649 788 3726 llam
814 3661 925 3724 hlince
955 3681 1000 3724 on
1021 3659 1242 3742 mearcdene3

197 3764 348 3846 andlang
376 3766 463 3829 dene
494 3772 531 3829 to
555 3752 637 3828 aaut
665 3769 885 3826 westmostan
923 3762 1093 3842 beorgan3
1126 3765 1243 3825 bonan

197 3855 275 3930 east
300 3865 451 3946 andlang
478 3883 592 3946 weges
614 3883 658 3927 on
682 3869 798 3928 annon
825 3851 957 3925 hwitan
981 3868 1183 3944 weterweg;
1207 3863 1248 3926 of

195 3957 277 4032 bam
301 3985 396 4047 wege
423 3964 498 4029 sord
523 3966 558 4028 in
582 3984 626 4028 on
647 3951 837 4037 mearcle53
859 3959 971 4026 bonon
995 3949 1071 4026 east
1093 3961 1243 4044 andlang

176 4066 325 4153 ¹hlinces
368 4085 413 4128 on
455 4069 503 4129 lta
539 4054 759 4142 herestrffete;
812 4062 925 4127 bonon
962 4053 1000 4128 tf)
1027 4062 1243 4128 Cittanwara

195 4158 326 4241 becun3
365 4164 516 4247 andlang
547 4155 634 4230 heca
661 4164 733 4229 sorb
768 4154 805 4229 ts)
830 4152 1027 4230 Wealthfim
1060 4163 1096 4228 in
1122 4183 1168 4227 on
1196 4171 1246 4232 lla
