2888 4890
455 394 627 442 cnanrnn
653 395 998 444 anonosnxorncnn.
1192 383 1260 448 341?
1336 467 1338 470 .

204 548 302 612 cessi.
360 554 399 633 ᾧ
420 552 496 633 Ego
506 551 678 615 AElls'inus
697 553 837 634 praesul
854 547 1005 633 sigillum
1024 556 1124 636 agiae
1144 549 1255 621 crucis

203 649 371 729 impressi.
415 654 495 733 ,ᾧ
528 651 604 733 Ego
634 652 814 733 Byrbtelm
846 653 1037 735 episcopus.
1111 658 1150 737 ᾧ
1178 658 1254 739 Ego

204 747 311 810 0sulf
336 750 530 832 episcopus
598 753 637 832 ›1‹
666 752 742 833 Ego
760 751 925 815 AElfwold
958 756 1151 837 episcopus.
1209 760 1251 840 ›1‹

204 846 279 928 Ego
306 848 485 931 Byrbtelin
509 850 702 932 episcopus.
778 851 817 930 ᾧ
845 850 921 931 Ego
950 852 1132 917 Eadmund
1166 856 1250 922 dux.

205 945 248 1029 ›1‹
269 946 538 1030 EgoAEbelsig'ae
556 949 641 1013 dux.
698 953 737 1032 ›1‹
756 950 831 1031 Ego
842 950 966 1016 AElfric
981 952 1065 1016 dux.
1122 956 1252 1037 ›1⁴Ego

203 1043 369 1110 AElllieah
387 1048 568 1112 =minister.
634 1052 673 1131 ᾧ
704 1050 780 1130 Ego
803 1049 942 1131 AElfgar
968 1054 1134 1117 minister.
1208 1058 1247 1138 ›1‹

202 1144 278 1225 Ego
296 1147 456 1228 AElfsigee
482 1148 647 1211 minister.
721 1151 760 1230 ᾧ
792 1149 868 1230 Ego
895 1150 1059 1232 Wnlfgar
1084 1154 1251 1218 minister.

206 1245 245 1324 »1⁴
267 1246 342 1327 Ego
361 1247 504 1328 AElfwig
533 1249 696 1313 minister.
767 1252 806 1331 ›1‹
828 1249 905 1331 Ego
929 1250 1055 1315 Eadric
1086 1253 1250 1318 minister.

206 1346 245 1425 »Β
269 1345 344 1427 Ego
362 1346 511 1411 Wuliric
529 1347 693 1411 minister.

201 1479 203 1483 ι
250 1445 380 1510 Rubrio.
428 1446 494 1511 Dis
517 1447 546 1508 is
563 1437 652 1524 bara
669 1468 742 1510 .xx.
765 1437 850 1509 nida
878 1436 943 1510 boc
966 1456 1012 1512 aet
1028 1450 1252 1534 AEscesbyrig

199 1540 249 1606 bae
267 1533 402 1610 Ee‘rdred
426 1546 506 1628 cing
520 1537 697 1627 gebbcode
713 1536 885 1610 Wulfrice
915 1547 968 1611 his
993 1552 1100 1634 pegne
1122 1569 1166 1613 on
1191 1541 1251 1614 ece

200 1643 284 1726 yrfe.
694 1648 696 1651 ’

600 1846 863 1913 MCLXXIX.

567 1949 786 2063 ninum,
812 1987 889 2053 956.

254 2121 293 2200 ›1‹
312 2120 516 2183 Rncnnnrn
532 2119 670 2182 domino
688 2125 807 2182 nostro
823 2118 929 2182 Ibesn
949 2118 1107 2183 Christo!
1149 2120 1248 2182 Sum-

198 2238 274 2282 mae
298 2220 420 2282 beatae
444 2220 621 2298 trinitatis,
640 2220 738 2282 cuius
755 2219 948 2300 composita
974 2219 1134 2282 facillime
1152 2228 1249 2301 patet

197 2317 321 2399 figura,
342 2320 504 2401 quoniam
531 2320 723 2400 praesentis
749 2319 929 2382 conflictus
956 2319 1120 2400 gaudium
1149 2321 1248 2383 nobis

197 2417 337 2482 iubilaci
359 2420 458 2500 quasi
478 2419 627 2483 latenter
648 2426 791 2500 generat
811 2421 1069 2502 sempiternum,
1088 2420 1247 2501 apostolo

192 2517 344 2594 dicente,
362 2519 489 2596 ‘Quod
513 2520 602 2581 enim
628 2520 663 2581 in
692 2519 866 2601 praesenti
891 2525 1166 2582 momentaneum
1193 2528 1246 2584 est

195 2624 232 2680 et
248 2618 348 2682 lenae
363 2619 596 2682 tribulationis
610 2629 748 2683 nostrae
766 2638 872 2701 supra
889 2620 1027 2682 modum
1040 2619 1075 2681 in
1090 2619 1246 2683 sublimi·

197 2725 269 2780 tate
298 2726 476 2782 aeternum
499 2719 630 2800 gloriae
659 2720 794 2801 pondus
822 2727 987 2802 operatur
1016 2720 1138 2782 nobis?
1190 2718 1246 2784 Ob

196 2836 298 2897 quam
326 2837 478 2885 causam,
492 2837 557 2900 ego
573 2819 710 2882 Eaduni
738 2839 798 2882 rex
825 2820 978 2883 omnium
994 2819 1148 2899 gentium
1166 2818 1245 2889 huic

177 2917 328 2991 ,insulae
353 2919 621 2994 cohaerentium,
639 2919 774 2981 cuidam
797 2920 953 2981 ministro
978 2938 1054 2981 meo
1082 2919 1244 2999 placabili

195 3016 344 3099 aliquam
363 3015 496 3101 partem
514 3019 580 3081 mei
599 3018 731 3081 telluris
747 3019 896 3081 concedo
914 3018 1099 3100 Bryhtrico
1115 3018 1151 3080 in
1169 3017 1245 3081 loco

196 3119 254 3181 ubi
285 3118 412 3181 dicitur
427 3116 621 3193 Hennarib,
640 3117 675 3179 id
698 3125 750 3180 est
770 3138 816 3180 .x.
836 3136 975 3180 mansas
1000 3117 1044 3180 ad
1067 3117 1243 3198 perfruen-

194 3204 275 3280 dum
303 3220 367 3282 sibi
397 3217 689 3283 haereditabiliter
706 3217 873 3298 quamdiu
896 3217 1036 3294 uixerit,
1059 3236 1138 3280 cum
1166 3216 1244 3298 pa's-

194 3319 279 3394 cuis,
295 3319 424 3399 pratis;
449 3326 483 3382 et
506 3325 586 3399 post
608 3317 681 3381 eius
705 3315 837 3380 obitum
856 3316 1068 3398 cuicumque
1094 3318 1245 3381 uoluerit

194 3418 374 3500 relinquat.
418 3417 456 3480 Si
473 3418 551 3500 quis
566 3437 649 3498 ergo
666 3415 887 3480 donationem
903 3416 992 3479 hano
1008 3415 1100 3497 regis
1116 3435 1243 3497 augere

193 3519 379 3598 optauerit,
408 3518 455 3581 sit
486 3518 612 3597 dignus
645 3522 787 3580 aeterna
818 3515 996 3588 mercede;
1039 3516 1092 3577 sin
1124 3522 1244 3579 antem

192 3619 357 3693 minuere,
375 3617 421 3680 sit
443 3617 766 3691 anathematizatae,
782 3615 849 3677 nisi
871 3620 951 3678 ante
974 3614 1107 3689 obitum
1129 3633 1240 3676 emen-

192 3717 336 3780 dauerit.
388 3717 441 3780 Sit
458 3724 574 3780 antem
591 3717 805 3798 praedictum
828 3733 887 3776 rus
902 3715 945 3777 ab
963 3713 1055 3775 omni
1073 3713 1238 3776 mundiali

192 3817 372 3881 obstaculo
398 3816 554 3891 liberum,
575 3816 730 3898 exceptis
758 3815 834 3877 istis
861 3813 984 3889 tribue,
1008 3811 1239 3893 expeditione,

191 3917 306 3999 pontis
331 3917 464 3979 arcisue
490 3916 757 3979 constructione.
808 3912 980 3976 Terminis
1002 3911 1078 3979 istis
1096 3911 1241 3974 circum-

190 4019 302 4080 cincta
329 4016 466 4079 uidetur
491 4024 583 4079 terra
601 4035 688 4079 esse.
747 4013 813 4077 Dis
838 4013 868 4076 is
890 4017 954 4077 bes
971 4009 1091 4074 landes
1108 4002 1174 4075 boc
1194 4020 1240 4075 aet

192 4106 396 4181 Hennaribc
418 4123 476 4179 ten
500 4106 582 4178 hida
602 4106 764 4196 gemines
788 4113 908 4177 landes
931 4117 976 4179 be
996 4098 1141 4192 Eadwig
1160 4112 1240 4192 cing
