2888 4890
445 353 617 405 cuunruu
640 352 988 402 succosuxourcnn.
1176 336 1242 400 175

189 509 341 573 studiose
362 529 384 572 a
405 511 637 592 praesentium
658 518 694 574 et
717 510 910 575 futurorum
934 516 1126 589 temporum
1149 509 1238 589 regi-

190 610 252 673 bus
274 616 309 673 et
331 609 547 691 praesulibus
572 611 748 692 insignata
775 609 912 684 fuerint,
935 614 1146 690 quapropter
1172 627 1238 689 ego

191 708 416 785 Eadwardus,
460 708 577 772 diuina
601 708 820 790 indulgente
863 708 1059 783 clementia,
1103 705 1237 788 Angul-

190 826 360 873 saxonum
385 827 461 884 rex,
484 815 638 890 tempore
666 828 736 890 quo
759 808 919 871 diocesim
944 807 1138 871 Weutanae
1160 826 1238 869 aec-

190 906 316 972 clesiae
336 909 372 970 in
396 907 484 971 duas
500 907 602 970 diuisi
621 907 816 989 parochiae,
833 907 961 970 obnixe
984 914 1127 987 rogatus
1147 904 1197 969 fui
1217 925 1239 968 a

193 1006 411 1084 Fri'destano,
422 1026 522 1088 quem
536 1015 618 1071 tunc
630 1007 825 1088 praedictae
841 1005 1028 1069 aecclesiae
1041 1005 1238 1086 episcopum

191 1107 448 1183 constitueram,
487 1113 525 1171 ut
563 1126 729 1170 nouarum
769 1105 1013 1187 astipulatione
1047 1104 1239 1168 litterarum

190 1210 334 1270 sanctae
348 1206 536 1271 aecclesiae
552 1212 770 1281 testamenta,
793 1206 844 1268 uti
859 1204 939 1267 olim
956 1206 999 1267 ab
1016 1203 1241 1267 antecessori·

192 1305 255 1369 bus
273 1305 357 1368 meis
375 1304 499 1371 deuote
517 1304 645 1369 tradita
661 1312 765 1387 atque
780 1312 975 1367 restaurata
995 1303 1142 1378 fueraut,
1158 1322 1240 1367 con-

193 1404 333 1468 firmans
368 1423 590 1483 renouarem3
621 1405 666 1467 ob
701 1412 861 1467 aeternae
890 1401 1111 1466 beatitudiuis
1141 1421 1240 1484 prae-

194 1503 321 1580 mium,
343 1510 379 1567 et
407 1522 608 1586 prosperum
640 1503 743 1567 huius
773 1503 867 1566 uitae
893 1521 1088 1578 excursum,
1115 1508 1241 1565 terram

195 1621 283 1684 quae
314 1602 530 1667 Uferantune
559 1603 687 1666 usitato
720 1602 846 1666 dicitur
867 1602 1037 1665 uocabulo
1066 1618 1135 1663 .xn.
1161 1621 1242 1665 cou-

195 1703 307 1766 tinens
340 1721 491 1778 mansas,
524 1702 635 1765 tribus
671 1703 707 1764 in
743 1701 828 1764 locis
862 1700 1048 1783 diremptas
1082 1718 1158 1764 ,xx.
1196 1711 1242 1765 aet

196 1800 411 1866 Uferantune
436 1821 512 1865 cum
535 1801 627 1864 silua
648 1808 683 1865 et
705 1800 949 1882 Taddanleage
972 1800 1050 1863 huic
1074 1801 1143 1863 ruri
1167 1820 1244 1882 per-

195 1901 326 1965 tinente
353 1918 425 1965 .xv.
454 1908 500 1964 aet
517 1900 691 1964 Wealtam
712 1917 757 1964 Ν.
785 1903 831 1963 aet
861 1899 1134 1981 Braddanleage,
1157 1908 1196 1962 ut
1222 1919 1244 1962 a

197 2001 282 2064 meis
299 1998 427 2064 dudum
446 2000 664 2082 supradictae
680 2000 913 2064 Wintoniensi
933 1999 1106 2073 basilicae,
1128 2019 1243 2061 reuer-

196 2099 304 2164 eudae
340 2099 500 2177 trinitati,
536 2099 678 2181 eiusque
723 2098 890 2181 apostolis
929 2097 1034 2162 Petro
1063 2096 1244 2179 Pauloque

192 2205 363 2282 perpetuo
401 2199 565 2280 largitum
599 2198 712 2263 fuerat
754 2198 916 2276 donario;
957 2198 1009 2264 ita
1047 2196 1113 2261 hac
1152 2217 1244 2261 noua

196 2298 341 2376 cartula,
374 2318 452 2363 cum
482 2317 634 2362 meorum
666 2299 874 2362 auctoritate
899 2316 1091 2379 procerum,
1121 2316 1245 2379 supra-

197 2399 290 2464 dicto
313 2398 469 2480 praesule
491 2399 678 2474 obtinente,
694 2398 904 2472 roboratum,
926 2405 1078 2473 aeterna,
1094 2396 1245 2474 humilio,

197 2505 354 2562 restauro
386 2497 556 2562 libertate.
625 2496 702 2561 Sint
733 2506 848 2561 autem
879 2497 964 2560 haec
995 2495 1246 2578 quadripertita

198 2615 279 2662 rura
317 2596 410 2663 omni
447 2605 603 2660 terrenae
642 2597 818 2661 seruitutis
857 2597 940 2678 iugo
977 2595 1096 2672 libera,
1136 2596 1245 2659 tribus

198 2695 367 2778 exceptis,
402 2704 479 2761 rata
510 2696 670 2760 uidelicet
701 2696 930 2778 expeditione,
964 2696 1079 2778 pontis
1113 2696 1246 2759 arcisue

191 2796 459 2861 ,restauratione
514 2795 658 2859 Maneat
686 2797 794 2876 igitur
819 2795 904 2859 baec
939 2804 1057 2858 nostra
1087 2795 1247 2876 largiflua

199 2902 367 2960 renouata
397 2895 578 2977 dapsilitas
603 2897 654 2959 uti
684 2895 798 2959 fuerat
823 2895 895 2959 fixa
924 2914 986 2976 per
1013 2913 1148 2958 aeuum.
1211 2894 1248 2958 Si

199 2996 275 3078 quis
303 2993 411 3076 igitur
437 2994 527 3058 banc
552 2995 739 3059 aecclesiae
767 2994 959 3058 libertatem
991 2994 1122 3057 uiolare
1149 3013 1246 3076 prae-

199 3094 383 3177 sumpserit
400 3093 585 3159 anathema
607 3095 653 3158 sit
676 3103 711 3158 et
729 3093 852 3159 inferni
872 3093 1080 3156 cruciatibus
1099 3093 1248 3157 adtritus

198 3194 342 3259 infoelix
359 3195 517 3270 intereat,
534 3193 600 3258 nisi
615 3193 857 3258 satisfaciendo
871 3200 951 3256 ante
965 3193 1093 3256 obitum
1112 3193 1248 3257 ueniam

199 3294 396 3359 obtinuerit.
441 3293 541 3358 Haec
556 3295 690 3359 cartula
710 3294 839 3375 scripta
855 3300 908 3356 est
926 3311 1016 3356 anno
1030 3294 1074 3355 ab
1088 3294 1248 3356 incarna-

200 3395 292 3459 tione
314 3393 443 3458 domini
464 3395 573 3459 nostri
601 3393 705 3458 Ihesu
732 3393 862 3457 Christi
887 3409 1120 3457 ,ncccavurr
1143 3392 1249 3456 indic·

201 3495 295 3558 tione
311 3509 389 3557 ‚xre

255 3594 295 3675 »Β
326 3593 403 3674 Ego
431 3592 602 3657 Eadward
630 3612 692 3656 rex
718 3593 807 3656 hanc
835 3592 1121 3656 restaurationem
1148 3608 1170 3651 a
1196 3608 1250 3652 me

203 3700 405 3756 renouatam
423 3693 559 3774 signum
579 3699 721 3757 sauctae
738 3693 849 3755 crucis
866 3692 1006 3773 propria
1023 3708 1126 3753 mauu
1143 3688 1250 3751 scrib-

202 3792 289 3855 eudo
325 3791 469 3856 firmaui.
549 3795 588 3874 ›1‹
625 3791 701 3874 Ego
739 3790 933 3872 Plegmund
971 3788 1251 3870 archiepiscopus

201 3889 402 3958 mellifluam
429 3891 646 3956 donationem
674 3891 821 3974 praefati
844 3891 937 3972 regis
962 3887 1149 3969 subscripsi
1172 3905 1249 3949 curn

200 3991 381 4073 signaculo
395 4001 537 4055 sanctae
552 3992 674 4056 crucis.
733 3995 772 4074 ›1‹
800 3990 877 4072 Ego
895 3991 1078 4054 Fri’destan
1094 3987 1251 4068 episcop·

202 4110 244 4159 us
270 4110 349 4158 cum
379 4090 524 4156 consilio
559 4091 710 4156 eiusdem
739 4091 830 4171 regis
859 4089 923 4154 hoc
957 4087 1119 4154 roboraui
1133 4120 1135 4123 ·
1148 4093 1252 4168 atque
