2888 4890
186 321 253 387 128
450 341 621 390 ennarau
646 336 988 389 aueuossxomcan.

189 495 262 559 iure
277 495 506 560 haereditario
523 497 741 579 contingunt,
751 497 849 560 nobis
866 491 1043 558 fraternali
1061 492 1243 558 affectione

187 602 422 678 competenter
448 598 703 680 impertiretur-3
745 603 973 660 ueruntamen
1002 594 1032 657 si
1057 593 1242 674 contigerit

189 696 280 777 quod
309 696 503 761 AEtieredus
538 697 701 762 succedat
728 697 764 760 in
795 715 950 777 regnum,
978 694 1069 757 idern
1101 702 1136 757 et
1167 693 1242 775 ipse

190 798 492 877 compromitteret.
545 797 694 876 Quando
718 817 801 861 uero
823 797 873 860 ita
900 797 984 859 deus
1008 793 1179 877 disposuit
1204 800 1242 858 ut

191 895 385 960 AEiteredns
410 896 518 979 regali
538 897 732 962 diademate
751 901 987 972 coronaretur,
1012 901 1095 958 tunc
1126 893 1240 977 ipsum

190 995 402 1060 AEtteredum
429 997 563 1080 rogaui,
593 1017 709 1061 coram
739 997 896 1060 omnibus
929 994 1074 1058 testibus
1101 994 1241 1070 nostris,

191 1094 353 1160 uidelicet
375 1098 466 1179 quod
490 1097 532 1161 de
554 1116 618 1161 sua
638 1096 851 1161 haereditate
871 1083 974 1159 nobis
996 1093 1165 1177 impertiri
1187 1113 1241 1157 re-

191 1204 398 1278 cognoscat3
433 1206 468 1261 et
500 1198 591 1280 quod
624 1196 707 1260 mibi
738 1216 848 1260 meam
881 1195 1065 1259 distribuat
1095 1201 1241 1277 partem.

192 1295 273 1378 lpse
295 1316 390 1374 uero,
408 1296 462 1361 his
480 1297 619 1375 auditis,
641 1298 759 1361 statim
788 1295 870 1360 milri
896 1295 1023 1359 restitit
1045 1300 1242 1358 contestans

189 1415 228 1459 se
242 1395 307 1460 hoc
329 1416 397 1460 non
418 1417 533 1479 posse,
548 1417 611 1461 nec
635 1417 739 1481 agere
759 1396 865 1460 uellet
887 1403 928 1459 ut
948 1393 1177 1476 impertiatur,
1196 1414 1240 1459 ex

191 1516 261 1579 quo
291 1497 376 1560 illud
400 1503 472 1561 tam
502 1497 664 1561 diuturno
690 1504 844 1579 tempore
871 1496 906 1558 in
931 1495 1071 1576 propria
1100 1494 1242 1559 retinuit

191 1596 418 1679 possessione.
487 1596 565 1661 Hoc
603 1604 718 1661 tamen
750 1596 835 1659 milri
872 1593 1116 1678 spoponderat,
1149 1595 1242 1676 quod

192 1702 302 1760 terras
329 1703 364 1760 et
386 1697 537 1761 dominia
567 1717 657 1781 quae
685 1698 774 1780 ipse,
800 1695 899 1760 nobis
927 1693 1175 1758 auxiliantibus
1207 1700 1243 1758 et

191 1795 321 1879 populo
358 1804 490 1874 nostro,
512 1798 547 1860 in
581 1817 680 1862 suam
717 1796 880 1861 ditionem
917 1794 1171 1877 perquisiuerit,
1207 1803 1242 1858 et

192 1896 440 1961 haereditatem
460 1898 504 1961 ad
524 1917 627 1980 quam
646 1896 800 1962 nascitur
821 1903 900 1980 post
920 1895 994 1958 dies
1016 1913 1097 1959 suos
1114 1893 1241 1959 nemini

191 1996 228 2061 in
250 1997 502 2079 possessionem
524 1999 634 2076 daret,
657 2005 695 2062 ut
720 2017 805 2061 suae
826 1994 1061 2077 congauderet
1086 1994 1241 2058 haeredi·

192 2097 269 2174 tati,
299 2097 514 2162 solummodo
545 2118 600 2164 me
631 2104 796 2181 excepto;
830 2097 948 2179 sicque
973 2094 1242 2178 quaerimoniam

190 2207 312 2261 contra
322 2199 460 2262 fratrem
473 2198 599 2278 remisi,
609 2219 670 2282 per
680 2199 786 2262 uerba
799 2197 975 2280 praedicta
989 2193 1241 2278 complacatum

191 2298 223 2361 si
238 2317 320 2362 uero
343 2297 538 2380 contigerit,
553 2300 646 2382 quod
663 2298 763 2376 absit,
781 2296 872 2380 quod
889 2317 951 2360 nos
967 2314 1085 2359 omnes
1099 2294 1244 2378 impiisi-

192 2417 325 2462 morum
351 2417 563 2481 paganorum
591 2400 628 2463 in
656 2418 778 2463 manus
805 2397 1020 2461 inimieorum
1048 2402 1243 2461 nostrorum

192 2497 408 2562 Danensium
428 2498 660 2577 inciderimus,
682 2506 765 2563 tunc
786 2499 885 2563 nobis
907 2502 961 2561 est
981 2494 1177 2579 specialiter
1192 2516 1244 2562 re-

192 2598 468 2679 cognoscendum
495 2599 676 2683 disponere
701 2598 886 2663 salubriter
909 2594 976 2680 'pro
1000 2595 1080 2660 filiis
1104 2597 1244 2674 nostris,

194 2699 286 2780 quod
303 2699 540 2781 unusquisque
556 2720 674 2764 eorum
694 2699 901 2775 suecessiue,
917 2716 1007 2761 unus
1025 2703 1106 2778 post
1123 2695 1242 2774 alium,

193 2806 349 2862 nostrum
377 2798 622 2864 haereditatem
647 2799 835 2882 possideat,
854 2807 889 2864 et
914 2795 1015 2862 terris
1041 2815 1083 2860 ac
1105 2814 1241 2878 posses·

192 2899 345 2963 sionibus
361 2897 489 2963 nostris
504 2901 739 2981 congaudeam
763 2897 1050 2982 quemadmodum
1071 2896 1149 2978 ipsa
1166 2897 1245 2962 hae·

193 2998 335 3074 reditas,
350 3004 475 3076 temne,
496 3000 742 3081 possessiones,
763 3007 799 3063 et
821 2998 972 3062 dominia
992 2995 1092 3060 nobis
1116 2996 1245 3061 condo·

192 3104 277 3161 nata
292 3097 443 3163 suerunt.
497 3099 687 3182 Propterea
709 3100 748 3162 -in
771 3118 875 3162 unum
899 3096 1101 3179 congregati
1124 3114 1243 3160 sumus

192 3197 286 3280 apud
314 3197 555 3277 Suinburnam,
575 3200 634 3263 ubi
658 3198 962 3282 pronunciauimus
985 3197 1022 3261 in
1046 3195 1243 3277 cognitione

193 3297 594 3364 totiusWestSaxoniae
609 3298 813 3382 principum,
833 3298 1059 3371 dominorum,
1071 3315 1111 3360 ac
1129 3296 1244 3361 senio·

193 3415 281 3474 rum,
292 3398 384 3480 quod
400 3398 467 3480 ipsi
486 3399 632 3464 fideliter
649 3399 882 3467 testimonium
899 3397 1111 3481 perhibeant,
1121 3395 1244 3460 uideli-

191 3505 259 3573 cet,
272 3498 363 3579 quod
381 3498 459 3580 quis
480 3507 636 3564 nostrum
655 3499 784 3563 diutius
805 3499 1042 3582 superuiueret
1059 3495 1151 3579 quod
1167 3496 1244 3579 ipse

192 3597 287 3678 legat
303 3598 445 3662 alterius
460 3599 539 3662 filiis
553 3600 648 3681 ipsas
665 3608 775 3664 terras
791 3618 877 3682 quas
893 3596 1108 3678 nosmetipsi
1123 3601 1244 3661 nostra

191 3698 322 3763 uirtute
345 3717 386 3761 ac
410 3705 583 3780 potestate
608 3699 786 3782 conquesti
808 3718 938 3776 sumne,
955 3706 991 3763 et
1013 3703 1124 3760 terras
1148 3696 1244 3777 ipsas

192 3817 280 3879 quas
303 3817 366 3862 rex
384 3796 614 3863 AE'delwulfus
633 3800 732 3863 nobis
754 3799 897 3863 donauit
924 3795 1108 3862 dummodo
1129 3794 1245 3861 AEeel.

193 3896 272 3960 bald
290 3896 404 3962 fuerat
425 3906 610 3980 superstes,
632 3906 769 3981 praeter
790 3899 874 3963 illud
897 3899 989 3982 quod
1012 3895 1111 3960 nobis
1133 3878 1245 3960 tribus

193 3995 356 4061 fratribus
376 4005 476 4079 pater
492 4006 609 4063 noster
631 4019 692 4063 rex
710 3998 941 4063 AEtlelwulsus
959 3995 1144 4078 delegauit.
1197 3997 1244 4061 Et

193 4114 297 4177 super
318 4096 383 4161 hoc
405 4101 640 4181 unusquisque
661 4107 814 4164 nostrum
841 4099 941 4163 alteri
963 4099 1064 4163 fidem
1080 4096 1244 4173 firmauit,
