2888 4890
454 372 628 420 uniaris
648 371 996 421 ancnosaxourcnn.
1184 355 1249 419 115

191 531 279 602 tore,
304 526 455 590 omnium
480 533 636 609 tempora
661 528 721 610 qui
747 546 811 593 sua
833 527 1035 591 multimoda
1058 527 1244 609 disponens

191 625 361 707 potentia,
388 628 600 710 temporibus
627 635 667 693 ut
691 628 839 693 uoluerit
866 628 968 691 finem
992 629 1163 711 imponet;
1198 628 1243 691 ic-

191 725 286 791 circo
301 727 435 793 cunctis
452 727 623 809 agendum
641 735 694 792 est
704 736 744 793 ut
757 729 824 804 hic,
834 728 934 793 bonis
949 729 1095 806 actibus,
1105 727 1243 792 futurae

191 824 417 891 beatitudinis
447 827 668 893 foelicitatem
699 828 844 910 adipisci
874 835 1080 892 mereantur.
1146 826 1243 906 Qua·

191 933 336 1009 propter
362 944 428 1009 ego
454 926 606 1005 Swibun,
631 929 747 993 diuina
766 928 967 1011 procidente
992 929 1117 1010 gratia,
1133 928 1242 993 Wan-

192 1031 299 1090 tanae
321 1027 508 1092 aecclesiae
531 1029 724 1112 episcopus,
748 1048 825 1092 cum
854 1047 1023 1093 consensu
1048 1037 1083 1094 et
1104 1028 1243 1093 licentia

192 1123 347 1191 eiumem
364 1129 550 1193 aecclesiae
566 1129 856 1212 congregationis,
871 1128 937 1193 hoc
953 1136 1007 1193 est
1022 1129 1243 1211 presbyteris,

190 1225 407 1305 diaconibus,
430 1235 465 1292 et
480 1220 573 1295 omni
595 1231 687 1294 clero
710 1230 1015 1305 consentientibus,
1041 1228 1119 1293 dedi
1136 1238 1242 1311 atque

190 1328 347 1392 concessi
378 1329 601 1395 dilectissimo
629 1330 767 1394 domino
797 1349 873 1394 meo
901 1336 936 1393 et
964 1329 1240 1394 reuerentissimo

191 1424 468 1493 occidentalium
490 1429 666 1495 Saxonum
688 1431 761 1512 regi
777 1430 997 1505 AE'delbaldo,
1016 1437 1142 1493 terram
1167 1445 1240 1493 ,um

191 1537 409 1597 cassatorum
422 1528 457 1592 in
474 1529 550 1594 loco
566 1531 626 1613 qui
643 1529 768 1595 dicitur
783 1530 989 1606 Fearnham,
999 1531 1049 1593 ita
1062 1537 1101 1594 ut
1115 1529 1242 1594 habeat

190 1634 300 1710 atque
314 1629 489 1712 possideat
505 1631 697 1713 praefatam
713 1638 838 1696 terram
854 1631 1015 1713 quamdiu
1034 1631 1070 1693 in
1086 1629 1151 1694 hac
1167 1630 1243 1693 uita

191 1738 376 1810 praesente
411 1731 549 1809 uixerit,
578 1732 653 1795 sine
682 1731 754 1795 ulla
784 1739 978 1796 nostrorum
1005 1749 1243 1794 successorum

192 1829 465 1895 contradictione
490 1832 546 1894 uel
576 1832 807 1908 contentione,
829 1851 907 1894 eum
940 1831 1096 1895 omnibus
1128 1829 1171 1893 ad
1205 1849 1242 1893 se

190 1931 454 2011 pertinentibus,
478 1931 543 1995 hoc
565 1939 629 2009 est,
649 1932 791 2014 campie,
814 1931 924 2007 siluis,
947 1931 1097 2014 pascuiS,
1119 1931 1242 2012 pratiS,

192 2029 363 2111 piscariis,
379 2038 483 2114 atque
509 2032 624 2096 omnia
644 2033 680 2095 in
704 2032 862 2097 omnibus
880 2031 924 2094 ad
948 2031 1091 2095 eandem
1113 2038 1241 2093 terram

191 2131 454 2211 pertinentibus.
508 2132 584 2214 Ego
602 2140 717 2196 autem
736 2131 929 2206 AEdelhald,
953 2131 1007 2194 dei
1032 2130 1157 2212 gratia,
1175 2129 1241 2194 Oc-

191 2231 416 2296 cidentalium
439 2230 616 2297 Saxonum
641 2251 714 2307 rex,
744 2232 835 2295 dono
863 2237 969 2313 atque
997 2230 1148 2295 concedo
1177 2249 1242 2311 pro

191 2332 248 2396 dei
271 2351 387 2397 amore
412 2339 518 2415 atque
543 2333 678 2396 animae
699 2351 797 2397 meae
822 2331 971 2397 remedio
999 2338 1033 2396 et
1058 2336 1240 2414 parentum

191 2451 362 2511 meorum,
376 2429 441 2499 hoc
461 2439 514 2496 est
528 2433 587 2497 aui
604 2432 671 2496 mei
681 2431 900 2514 AEgelberhti
916 2431 1007 2514 regis
1022 2439 1058 2495 et
1077 2430 1242 2513 genitoris

192 2533 260 2597 mci
272 2530 390 2597 Abulii
407 2533 613 2616 regispost
632 2534 762 2598 obitum
785 2551 899 2597 meum
922 2534 965 2596 ab
985 2532 1050 2595 hae
1068 2531 1242 2613 praesenti

191 2633 268 2699 uita
278 2633 391 2716 ipsam
404 2639 544 2710 terram,
559 2633 624 2698 hoc
638 2638 991 2698 est.nx.cassatorum
1006 2632 1042 2694 in
1054 2631 1130 2694 loco
1145 2649 1243 2711 prae-

191 2733 369 2799 nominato
392 2740 438 2799 aet
453 2733 682 2811 Fearnaham,
700 2733 862 2816 episcopo
886 2738 920 2795 et
944 2732 1037 2795 omni
1056 2749 1244 2810 congrega·

192 2834 480 2901 tioniWentanae
494 2835 695 2913 aecclesiae3
714 2839 749 2896 et
762 2840 834 2896 tam
846 2838 922 2896 rato
938 2850 979 2895 ac
995 2830 1111 2894 stabili
1124 2837 1245 2893 tenore

191 2935 337 3018 quilibet
360 2936 544 3018 episcopus
565 2941 600 2998 et
620 2932 682 2997 illa
706 2941 828 2997 sancta
851 2931 1075 3012 congregatio
1098 2929 1242 2992 eandem

191 3041 319 3100 terram
349 3042 468 3100 teneat
494 3042 597 3116 atque
627 3033 804 3116 possideat
833 3031 973 3114 propria
1003 3036 1175 3112 potestate
1201 3047 1243 3092 ac

192 3135 525 3221 uoluntatesibimet
545 3134 590 3197 ad
614 3133 817 3210 habendam,
839 3139 873 3196 et
896 3131 1011 3193 nullus
1039 3130 1108 3192 iam
1134 3128 1240 3191 licen·

192 3235 278 3301 tiam
300 3235 445 3300 ulterius
469 3234 595 3298 habeat
611 3232 741 3296 Christi
765 3251 876 3314 neque
899 3229 1011 3294 sancti
1027 3228 1125 3292 Petri
1146 3227 1242 3293 illam

192 3343 320 3401 terram
341 3333 552 3418 praedictam
576 3333 680 3398 alicui
702 3333 806 3396 dandi
829 3349 939 3412 neque
962 3327 1182 3392 abstrahendi
1200 3328 1242 3391 de

191 3435 252 3501 illo
270 3436 359 3514 loco,
373 3434 530 3499 similiter
544 3434 659 3498 nullus
674 3433 846 3496 licentiam
861 3429 991 3493 Christi
1005 3448 1116 3511 neque
1130 3428 1242 3491 sancti

193 3535 291 3601 Petri
303 3555 415 3618 neque
432 3553 537 3599 ausus
551 3534 599 3598 sit
615 3533 760 3597 ulterius
776 3532 872 3596 illam
888 3537 1013 3594 terram
1032 3528 1241 3612 praedictam

192 3636 394 3717 rogandiin
415 3635 636 3715 beneficium3
664 3640 758 3699 terra
784 3638 902 3696 autem
926 3629 1091 3695 iamdicta
1118 3627 1163 3691 sit
1190 3628 1243 3689 in·

192 3742 395 3819 perpetuum
416 3735 524 3799 libera
547 3736 592 3798 ab
619 3733 712 3799 omni
736 3732 845 3814 regali
870 3731 1014 3795 seruitio
1034 3735 1070 3792 et
1091 3727 1241 3790 omnium

192 3836 433 3913 saecularium,
459 3835 623 3919 quamdiu
655 3833 739 3897 fides
772 3839 807 3896 et
834 3830 1022 3895 christiana
1054 3826 1174 3907 religio
1207 3827 1243 3888 in

190 3935 387 4019 Anglorum
409 3943 513 4018 gente
535 3935 739 3999 inconcussa
759 3936 968 4015 permaneat,
986 3933 1124 4010 praeter
1141 3946 1243 4009 expe-

191 4037 370 4116 ditionem,
385 4044 421 4101 et
437 4037 593 4119 pontium
611 4032 913 4108 constructionem,
930 4038 965 4093 et
982 4027 1112 4091 arcium
1131 4026 1243 4088 muni·

192 4140 334 4219 tionem.
395 4136 433 4201 Si
462 4136 541 4218 quis
570 4140 684 4199 autem
709 4134 797 4196 hanc
828 4137 969 4195 nostrae
996 4125 1242 4192 satisfactionis

1077 4234 1087 4268 1
1103 4225 1119 4270 2
