2888 4890
271 358 338 424 254
531 374 704 463 caparae
732 374 1075 423 nucnosaxonrcnn.

272 520 394 608 mffiru,
409 520 476 595 beo
491 530 534 595 he
549 519 694 615 ascyred
712 531 779 596 and
798 532 978 615 gesceofen
993 521 1066 596 into
1084 531 1174 596 helle
1191 524 1331 614 grsrnde

272 621 453 697 {cabulen
470 633 566 696 ende.
605 631 802 698 Andcweeb
818 633 906 698 ealle
923 631 990 698 baet
1007 633 1132 698 folclie
1148 623 1328 698 baeremb-
1408 660 1411 667 ·

204 772 208 780 ·
271 724 372 808 stom
398 725 449 828 Sy
464 733 514 798 hit
529 723 614 810 swa,
631 734 758 811 Amen,
773 734 907 800 Amen!

736 895 858 906 ——-

690 981 904 1049 Mcxxx.

552 1136 556 1148 '
600 1131 897 1212 EALDWULF‚
917 1133 995 1198 940.

324 1287 364 1367 »χε
384 1282 494 1349 Auno
511 1284 704 1350 dominicae
724 1284 971 1349 incarnationis
991 1300 1191 1348 moccexn.
1246 1284 1324 1366 Ego

270 1383 439 1448 Eadulfus
471 1383 544 1448 dux
576 1405 638 1468 por
675 1386 932 1450 concessionem
970 1385 1098 1449 domini
1131 1385 1198 1448 mei
1229 1386 1324 1468 regis

218 1485 221 1491 ’
269 1485 477 1563 AEtlelstani
499 1493 679 1569 praesente
694 1486 857 1552 Wlfelmo
875 1485 1146 1568 archiepiscopo,
1170 1486 1322 1550 concedo

268 1586 456 1651 aecclesiae
481 1584 611 1651 Christi
638 1586 701 1652 has
729 1593 840 1652 terras
866 1585 909 1650 de
935 1587 1076 1670 propria
1103 1586 1322 1669 possessione

268 1706 345 1751 mea
362 1705 449 1770 quas
471 1686 555 1751 mihi
575 1687 664 1751 idern
681 1687 911 1752 AE’delstanus
934 1707 998 1751 rex
1020 1687 1114 1751 dedit
1135 1687 1173 1750 in
1197 1707 1322 1771 perpe·

265 1793 363 1851 tuam
376 1786 635 1865 haereditatem,
651 1787 822 1866 uidelicet,
840 1789 1028 1870 Derentam
1044 1796 1079 1852 ct
1097 1787 1322 1870 Meapaham,

265 1887 391 1952 liberas
421 1889 466 1952 ab
494 1889 587 1952 omni
610 1889 781 1953 saeculari
809 1889 952 1952 seruitio
980 1896 1015 1953 et
1041 1889 1137 1970 regio
1165 1888 1318 1964 tributo;

265 1989 421 2072 exceptis
436 1987 668 2072 expeditione,
684 1989 799 2072 pontis
815 1997 850 2077 ct
867 1989 957 2053 arcis
975 1989 1243 2053 constructione.

320 2092 360 2172 »Β
392 2089 469 2172 Ego
501 2089 728 2155 AE’Selstanus
759 2111 820 2155 rex
854 2089 962 2154 totius
995 2089 1196 2154 Britanniae
1229 2089 1320 2155 hane

239 2272 241 2278 y
264 2189 484 2254 donationem
509 2189 719 2255 confirmaui.
777 2194 817 2274 »χε
838 2190 914 2273 Ego
936 2189 1120 2255 Wlfclmus
1147 2189 1318 2275 archiepi-

265 2308 390 2375 scopus
414 2290 627 2356 confirmaui.
685 2294 725 2374 »Β
748 2291 824 2374 Ego
846 2290 1104 2356 Scirburncnsis
1133 2291 1317 2376 episcopus

262 2391 462 2475 subscripsi.
518 2392 658 2479 ›14Ego
677 2393 880 2457 Dunstanus
897 2391 1095 2474 subscripsi.
1248 2400 1253 2406 '

735 2561 854 2572 —-—

679 2591 913 2709 Mcxuxr.

606 2764 873 2870 ulnarum),
894 2794 969 2859 oco.

316 2946 355 3026 ›1‹
379 2943 585 3008 Rucuma
612 2944 863 3027 imperpetuum
893 2941 1031 3009 domino
1059 2950 1177 3007 nostro
1207 2942 1313 3008 Ihesu

263 3043 421 3109 christo!
474 3045 568 3109 Dum
598 3044 784 3109 conditoris
816 3045 925 3108 nostri
955 3043 1173 3128 prouidentia
1200 3045 1314 3109 omnis

261 3151 424 3209 creatura.
443 3145 546 3210 ualde
567 3146 657 3210 bona
679 3146 716 3208 in
737 3145 906 3228 principio
930 3145 1078 3209 formata
1097 3144 1314 3228 formosaque

260 3252 389 3321 creata,
417 3252 521 3328 atque
557 3247 713 3330 speciose
738 3245 910 3328 plasmata
936 3252 1001 3324 est,
1029 3264 1135 3327 supra
1159 3252 1195 3309 et
1220 3245 1313 3310 infra

261 3346 388 3422 coelos,
404 3347 528 3410 tamin
544 3345 677 3428 angelis
694 3365 798 3429 quam
817 3347 922 3411 etiam
940 3346 975 3410 in
997 3345 1203 3422 hominibus,
1218 3364 1260 3410 ac
1275 3347 1312 3411 in

261 3446 472 3511 multimodis
490 3466 531 3511 ac
556 3446 701 3511 diuersis
721 3447 900 3530 speciebus
919 3447 1160 3522 iumentorum,
1179 3446 1312 3513 ,anima-

260 3547 357 3625 lium,
367 3546 525 3630 piscium,
537 3547 716 3612 uolucrum
729 3567 819 3630 quae
834 3548 950 3612 omnia
964 3554 1108 3612 naturae
1121 3565 1205 3613 suae
1222 3547 1311 3625 iura,

261 3657 348 3713 nutu
374 3648 551 3725 creatoris,
577 3647 789 3731 persoluant,
815 3648 881 3712 nisi
908 3648 1011 3713 homo
1040 3647 1150 3725 solus,
1177 3647 1237 3730 qui
1264 3648 1310 3713 ad

259 3749 446 3831 imaginem
469 3767 567 3812 suam
587 3749 777 3831 plasmatus
799 3756 864 3824 est,
887 3757 923 3813 et
944 3748 1103 3813 omnibus
1122 3746 1311 3830 praelatus

259 3857 375 3914 tamen
399 3855 540 3930 propter
561 3849 890 3932 praeuaricationem
917 3868 1079 3913 corruens
1105 3848 1142 3934 in
1163 3855 1310 3915 mortem

259 3957 295 4014 et
318 3949 464 4032 primam
488 3949 746 4014 inmortalitatis
767 3948 894 4014 stolam
918 3948 1311 4017 miserabiliter-domini

258 4048 531 4131 contempnendo
554 4050 752 4114 mandatum
777 4051 902 4115 amisit.
949 4050 1085 4115 Idcirco
1112 4049 1193 4117 illae
1221 4049 1310 4115 diui·

258 4152 328 4216 tiae
351 4148 546 4231 diligendae
567 4157 660 4228 sunt,
678 4170 767 4233 quae
791 4171 965 4234 nunquam
988 4150 1162 4235 decipiunt
1179 4149 1310 4216 haben·
