<?xml version="1.0" encoding="UTF-8"?>
<!DOCTYPE html PUBLIC "-//W3C//DTD XHTML 1.0 Transitional//EN"
    "http://www.w3.org/TR/xhtml1/DTD/xhtml1-transitional.dtd">
<html xmlns="http://www.w3.org/1999/xhtml" xml:lang="en" lang="en">
 <head>
  <title>
</title>
<meta http-equiv="Content-Type" content="text/html;charset=utf-8" />
  <meta name='ocr-system' content='tesseract 3.04.00' />
  <meta name='ocr-capabilities' content='ocr_page ocr_carea ocr_par ocr_line ocrx_word'/>
</head>
<body>
  <div class='ocr_page' id='page_1' title='image "./codexdiplomatic02kembgoog_0052.png"; bbox 0 0 2888 4890; ppageno 0'>
   <div class='ocr_carea' id='block_1_1' title="bbox 449 336 1247 403">
    <p class='ocr_par' dir='ltr' id='par_1_1' title="bbox 449 336 1247 403">
     <span class='ocr_line' id='line_1_1' title="bbox 449 336 1247 403; baseline -0.001 0"><span class='ocrx_word' id='word_1_1' title='bbox 449 354 622 403; x_wconf 77' lang='lat' dir='ltr'>cnnnrnn</span> <span class='ocrx_word' id='word_1_2' title='bbox 644 351 994 401; x_wconf 79' lang='lat' dir='ltr'>Anonosnxorucnn.</span> <span class='ocrx_word' id='word_1_3' title='bbox 1203 336 1247 402; x_wconf 83' lang='lat'>27</span> 
     </span>
    </p>
   </div>
   <div class='ocr_carea' id='block_1_2' title="bbox 190 507 1249 1002">
    <p class='ocr_par' dir='ltr' id='par_1_2' title="bbox 190 507 1249 1002">
     <span class='ocr_line' id='line_1_2' title="bbox 191 507 1247 594; baseline 0.002 -22"><span class='ocrx_word' id='word_1_4' title='bbox 191 507 490 576; x_wconf 88' lang='lat' dir='ltr'>Medesbamstede</span> <span class='ocrx_word' id='word_1_5' title='bbox 513 530 574 594; x_wconf 89' lang='lat' dir='ltr'>per</span> <span class='ocrx_word' id='word_1_6' title='bbox 595 510 801 574; x_wconf 88' lang='lat' dir='ltr'>industriam</span> <span class='ocrx_word' id='word_1_7' title='bbox 825 511 1014 593; x_wconf 89' lang='lat' dir='ltr'>spiritualis</span> <span class='ocrx_word' id='word_1_8' title='bbox 1041 511 1150 594; x_wconf 92' lang='lat' dir='ltr'>patris</span> <span class='ocrx_word' id='word_1_9' title='bbox 1167 530 1247 574; x_wconf 91' lang='lat' dir='ltr'>nos-</span> 
     </span>
     <span class='ocr_line' id='line_1_3' title="bbox 192 609 1246 694; baseline 0.001 -21"><span class='ocrx_word' id='word_1_10' title='bbox 192 609 237 673; x_wconf 85' lang='lat' dir='ltr'>tri</span> <span class='ocrx_word' id='word_1_11' title='bbox 263 609 397 675; x_wconf 83' lang='lat' dir='ltr'>Saxulfi</span> <span class='ocrx_word' id='word_1_12' title='bbox 425 611 619 694; x_wconf 83' lang='lat' dir='ltr'>alienigena</span> <span class='ocrx_word' id='word_1_13' title='bbox 645 611 759 675; x_wconf 89' lang='lat' dir='ltr'>carnis</span> <span class='ocrx_word' id='word_1_14' title='bbox 784 612 940 693; x_wconf 84' lang='lat' dir='ltr'>genitore</span> <span class='ocrx_word' id='word_1_15' title='bbox 965 618 1165 694; x_wconf 88' lang='lat' dir='ltr'>praeeunte,</span> <span class='ocrx_word' id='word_1_16' title='bbox 1186 613 1246 676; x_wconf 93' lang='lat' dir='ltr'>be-</span> 
     </span>
     <span class='ocr_line' id='line_1_4' title="bbox 190 710 1246 793; baseline 0.002 -21"><span class='ocrx_word' id='word_1_17' title='bbox 190 710 410 792; x_wconf 88' lang='lat' dir='ltr'>nignissimae</span> <span class='ocrx_word' id='word_1_18' title='bbox 441 712 625 776; x_wconf 80' lang='lat' dir='ltr'>memoriae</span> <span class='ocrx_word' id='word_1_19' title='bbox 662 711 786 776; x_wconf 87' lang='lat' dir='ltr'>fratres</span> <span class='ocrx_word' id='word_1_20' title='bbox 824 712 891 775; x_wconf 91' lang='lat' dir='ltr'>mei</span> <span class='ocrx_word' id='word_1_21' title='bbox 924 711 1043 776; x_wconf 91' lang='lat' dir='ltr'>Peada</span> <span class='ocrx_word' id='word_1_22' title='bbox 1083 712 1246 793; x_wconf 83' lang='lat' dir='ltr'>regaliter</span> 
     </span>
     <span class='ocr_line' id='line_1_5' title="bbox 192 810 1248 895; baseline 0.004 -23"><span class='ocrx_word' id='word_1_23' title='bbox 192 810 355 888; x_wconf 87' lang='lat' dir='ltr'>instituit,</span> <span class='ocrx_word' id='word_1_24' title='bbox 373 811 528 878; x_wconf 82' lang='lat' dir='ltr'>Wlferus</span> <span class='ocrx_word' id='word_1_25' title='bbox 553 811 662 894; x_wconf 88' lang='lat' dir='ltr'>regali</span> <span class='ocrx_word' id='word_1_26' title='bbox 684 811 861 895; x_wconf 90' lang='lat' dir='ltr'>opulentia</span> <span class='ocrx_word' id='word_1_27' title='bbox 884 819 920 876; x_wconf 90' lang='lat' dir='ltr'>et</span> <span class='ocrx_word' id='word_1_28' title='bbox 944 812 1126 895; x_wconf 88' lang='lat' dir='ltr'>priuilegio</span> <span class='ocrx_word' id='word_1_29' title='bbox 1154 813 1248 895; x_wconf 91' lang='lat' dir='ltr'>prin-</span> 
     </span>
     <span class='ocr_line' id='line_1_6' title="bbox 194 909 1249 1002; baseline 0.005 -31"><span class='ocrx_word' id='word_1_30' title='bbox 194 909 351 993; x_wconf 89' lang='lat' dir='ltr'>cipaliter</span> <span class='ocrx_word' id='word_1_31' title='bbox 377 912 591 1002; x_wconf 87' lang='lat' dir='ltr'>nobilitauit;</span> <span class='ocrx_word' id='word_1_32' title='bbox 621 932 688 994; x_wconf 90' lang='lat' dir='ltr'>ego</span> <span class='ocrx_word' id='word_1_33' title='bbox 711 930 848 994; x_wconf 89' lang='lat' dir='ltr'>quoque</span> <span class='ocrx_word' id='word_1_34' title='bbox 875 919 947 976; x_wconf 89' lang='lat' dir='ltr'>tam</span> <span class='ocrx_word' id='word_1_35' title='bbox 969 932 1031 995; x_wconf 91' lang='lat' dir='ltr'>pro</span> <span class='ocrx_word' id='word_1_36' title='bbox 1057 932 1153 977; x_wconf 89' lang='lat' dir='ltr'>meae</span> <span class='ocrx_word' id='word_1_37' title='bbox 1176 914 1249 977; x_wconf 90' lang='lat' dir='ltr'>ani-</span> 
     </span>
    </p>
   </div>
   <div class='ocr_carea' id='block_1_3' title="bbox 133 1012 1318 4204">
    <p class='ocr_par' dir='ltr' id='par_1_3' title="bbox 133 1012 1318 4204">
     <span class='ocr_line' id='line_1_7' title="bbox 193 1012 1247 1097; baseline 0.006 -25"><span class='ocrx_word' id='word_1_38' title='bbox 193 1029 268 1074; x_wconf 85' lang='lat' dir='ltr'>mae</span> <span class='ocrx_word' id='word_1_39' title='bbox 293 1032 398 1095; x_wconf 90' lang='lat' dir='ltr'>quam</span> <span class='ocrx_word' id='word_1_40' title='bbox 430 1013 583 1095; x_wconf 89' lang='lat' dir='ltr'>ipsorum</span> <span class='ocrx_word' id='word_1_41' title='bbox 616 1012 761 1077; x_wconf 83' lang='lat' dir='ltr'>fratrum</span> <span class='ocrx_word' id='word_1_42' title='bbox 794 1012 918 1090; x_wconf 90' lang='lat' dir='ltr'>salute,</span> <span class='ocrx_word' id='word_1_43' title='bbox 949 1032 1082 1077; x_wconf 89' lang='lat' dir='ltr'>necnon</span> <span class='ocrx_word' id='word_1_44' title='bbox 1115 1021 1150 1078; x_wconf 91' lang='lat' dir='ltr'>et</span> <span class='ocrx_word' id='word_1_45' title='bbox 1184 1033 1247 1097; x_wconf 94' lang='lat' dir='ltr'>pro</span> 
     </span>
     <span class='ocr_line' id='line_1_8' title="bbox 193 1112 1248 1190; baseline 0.005 -17"><span class='ocrx_word' id='word_1_46' title='bbox 193 1113 434 1176; x_wconf 85' lang='lat' dir='ltr'>sacratissimis</span> <span class='ocrx_word' id='word_1_47' title='bbox 460 1113 637 1178; x_wconf 89' lang='lat' dir='ltr'>sororibus</span> <span class='ocrx_word' id='word_1_48' title='bbox 662 1112 758 1190; x_wconf 89' lang='lat' dir='ltr'>meis,</span> <span class='ocrx_word' id='word_1_49' title='bbox 780 1114 997 1178; x_wconf 89' lang='lat' dir='ltr'>beatissimae</span> <span class='ocrx_word' id='word_1_50' title='bbox 1020 1113 1154 1178; x_wconf 89' lang='lat' dir='ltr'>scilicet</span> <span class='ocrx_word' id='word_1_51' title='bbox 1179 1134 1248 1178; x_wconf 91' lang='lat' dir='ltr'>me·</span> 
     </span>
     <span class='ocr_line' id='line_1_9' title="bbox 133 1212 1249 1298; baseline 0.004 -25"><span class='ocrx_word' id='word_1_52' title='bbox 133 1223 137 1231; x_wconf 84' lang='lat'>·</span> <span class='ocrx_word' id='word_1_53' title='bbox 194 1212 322 1277; x_wconf 88' lang='lat' dir='ltr'>moriae</span> <span class='ocrx_word' id='word_1_54' title='bbox 346 1212 580 1298; x_wconf 77' lang='lat' dir='ltr'>Kynebnrga,‘</span> <span class='ocrx_word' id='word_1_55' title='bbox 596 1223 631 1278; x_wconf 92' lang='lat' dir='ltr'>et</span> <span class='ocrx_word' id='word_1_56' title='bbox 657 1232 746 1295; x_wconf 91' lang='lat' dir='ltr'>quae</span> <span class='ocrx_word' id='word_1_57' title='bbox 774 1213 886 1277; x_wconf 87' lang='lat' dir='ltr'>adhuc</span> <span class='ocrx_word' id='word_1_58' title='bbox 911 1222 1086 1297; x_wconf 87' lang='lat' dir='ltr'>superstes</span> <span class='ocrx_word' id='word_1_59' title='bbox 1111 1221 1249 1279; x_wconf 90' lang='lat' dir='ltr'>sacrata</span> 
     </span>
     <span class='ocr_line' id='line_1_10' title="bbox 196 1311 1248 1396; baseline 0.004 -21"><span class='ocrx_word' id='word_1_60' title='bbox 196 1311 334 1378; x_wconf 87' lang='lat' dir='ltr'>Christo</span> <span class='ocrx_word' id='word_1_61' title='bbox 358 1314 560 1396; x_wconf 79' lang='lat' dir='ltr'>uirginitate</span> <span class='ocrx_word' id='word_1_62' title='bbox 587 1313 740 1378; x_wconf 86' lang='lat' dir='ltr'>deseruit</span> <span class='ocrx_word' id='word_1_63' title='bbox 757 1313 977 1396; x_wconf 88' lang='lat' dir='ltr'>Kyneswida‚</span> <span class='ocrx_word' id='word_1_64' title='bbox 1001 1322 1037 1378; x_wconf 90' lang='lat' dir='ltr'>et</span> <span class='ocrx_word' id='word_1_65' title='bbox 1057 1316 1159 1378; x_wconf 91' lang='lat' dir='ltr'>rebus</span> <span class='ocrx_word' id='word_1_66' title='bbox 1186 1335 1248 1379; x_wconf 90' lang='lat' dir='ltr'>au·</span> 
     </span>
     <span class='ocr_line' id='line_1_11' title="bbox 194 1414 1249 1494; baseline 0.002 -18"><span class='ocrx_word' id='word_1_67' title='bbox 194 1432 274 1494; x_wconf 90' lang='lat' dir='ltr'>gere</span> <span class='ocrx_word' id='word_1_68' title='bbox 301 1420 336 1477; x_wconf 91' lang='lat' dir='ltr'>et</span> <span class='ocrx_word' id='word_1_69' title='bbox 362 1414 481 1478; x_wconf 89' lang='lat' dir='ltr'>diuina</span> <span class='ocrx_word' id='word_1_70' title='bbox 510 1415 717 1479; x_wconf 86' lang='lat' dir='ltr'>auctoritate</span> <span class='ocrx_word' id='word_1_71' title='bbox 747 1415 879 1478; x_wconf 90' lang='lat' dir='ltr'>munire</span> <span class='ocrx_word' id='word_1_72' title='bbox 907 1415 1037 1478; x_wconf 88' lang='lat' dir='ltr'>curaui.</span> <span class='ocrx_word' id='word_1_73' title='bbox 1098 1414 1249 1479; x_wconf 89' lang='lat' dir='ltr'>Proinde</span> 
     </span>
     <span class='ocr_line' id='line_1_12' title="bbox 193 1513 1248 1585; baseline 0.004 -10"><span class='ocrx_word' id='word_1_74' title='bbox 193 1513 292 1578; x_wconf 91' lang='lat' dir='ltr'>trado</span> <span class='ocrx_word' id='word_1_75' title='bbox 320 1514 423 1579; x_wconf 86' lang='lat' dir='ltr'>beato</span> <span class='ocrx_word' id='word_1_76' title='bbox 449 1514 556 1585; x_wconf 56' lang='lat' dir='ltr'>,Petro</span> <span class='ocrx_word' id='word_1_77' title='bbox 587 1515 623 1578; x_wconf 93' lang='lat' dir='ltr'>in</span> <span class='ocrx_word' id='word_1_78' title='bbox 654 1515 720 1580; x_wconf 90' lang='lat' dir='ltr'>hoc</span> <span class='ocrx_word' id='word_1_79' title='bbox 749 1514 827 1578; x_wconf 92' lang='lat' dir='ltr'>loco</span> <span class='ocrx_word' id='word_1_80' title='bbox 859 1515 1159 1580; x_wconf 89' lang='lat' dir='ltr'>Medesbamstede</span> <span class='ocrx_word' id='word_1_81' title='bbox 1186 1516 1248 1579; x_wconf 88' lang='lat' dir='ltr'>has</span> 
     </span>
     <span class='ocr_line' id='line_1_13' title="bbox 195 1615 1248 1699; baseline 0.002 -23"><span class='ocrx_word' id='word_1_82' title='bbox 195 1618 304 1677; x_wconf 89' lang='lat' dir='ltr'>terras</span> <span class='ocrx_word' id='word_1_83' title='bbox 328 1623 365 1679; x_wconf 89' lang='lat' dir='ltr'>et</span> <span class='ocrx_word' id='word_1_84' title='bbox 388 1615 624 1698; x_wconf 88' lang='lat' dir='ltr'>possessiones</span> <span class='ocrx_word' id='word_1_85' title='bbox 641 1634 720 1679; x_wconf 91' lang='lat' dir='ltr'>cum</span> <span class='ocrx_word' id='word_1_86' title='bbox 743 1615 901 1679; x_wconf 91' lang='lat' dir='ltr'>omnibus</span> <span class='ocrx_word' id='word_1_87' title='bbox 918 1617 1019 1679; x_wconf 88' lang='lat' dir='ltr'>rebus</span> <span class='ocrx_word' id='word_1_88' title='bbox 1037 1616 1080 1680; x_wconf 90' lang='lat' dir='ltr'>ad</span> <span class='ocrx_word' id='word_1_89' title='bbox 1097 1635 1156 1679; x_wconf 88' lang='lat' dir='ltr'>eas</span> <span class='ocrx_word' id='word_1_90' title='bbox 1175 1636 1248 1699; x_wconf 92' lang='lat' dir='ltr'>per-</span> 
     </span>
     <span class='ocr_line' id='line_1_14' title="bbox 194 1713 1249 1799; baseline 0.003 -23"><span class='ocrx_word' id='word_1_91' title='bbox 194 1713 395 1792; x_wconf 88' lang='lat' dir='ltr'>tinentibus,</span> <span class='ocrx_word' id='word_1_92' title='bbox 434 1715 499 1780; x_wconf 91' lang='lat' dir='ltr'>hoc</span> <span class='ocrx_word' id='word_1_93' title='bbox 541 1722 595 1779; x_wconf 86' lang='lat' dir='ltr'>est</span> <span class='ocrx_word' id='word_1_94' title='bbox 626 1715 799 1791; x_wconf 87' lang='lat' dir='ltr'>Bredune,</span> <span class='ocrx_word' id='word_1_95' title='bbox 833 1714 1043 1799; x_wconf 87' lang='lat' dir='ltr'>Hrepinges,</span> <span class='ocrx_word' id='word_1_96' title='bbox 1079 1714 1249 1793; x_wconf 79' lang='lat' dir='ltr'>cedenac,</span> 
     </span>
     <span class='ocr_line' id='line_1_15' title="bbox 195 1812 1249 1899; baseline 0.003 -23"><span class='ocrx_word' id='word_1_97' title='bbox 195 1812 441 1893; x_wconf 87' lang='lat' dir='ltr'>Swineshafed‚</span> <span class='ocrx_word' id='word_1_98' title='bbox 491 1815 709 1899; x_wconf 90' lang='lat' dir='ltr'>Heanbyrig,</span> <span class='ocrx_word' id='word_1_99' title='bbox 753 1815 955 1894; x_wconf 87' lang='lat' dir='ltr'>Lodesbale,</span> <span class='ocrx_word' id='word_1_100' title='bbox 994 1815 1249 1895; x_wconf 87' lang='lat' dir='ltr'>Scuffanbalch,</span> 
     </span>
     <span class='ocr_line' id='line_1_16' title="bbox 196 1913 1251 1999; baseline 0.003 -22"><span class='ocrx_word' id='word_1_101' title='bbox 196 1913 409 1994; x_wconf 83' lang='lat' dir='ltr'>Costesford,</span> <span class='ocrx_word' id='word_1_102' title='bbox 440 1915 625 1994; x_wconf 79' lang='lat' dir='ltr'>Stratiord,</span> <span class='ocrx_word' id='word_1_103' title='bbox 649 1916 921 1995; x_wconf 87' lang='lat' dir='ltr'>Watelleburne,</span> <span class='ocrx_word' id='word_1_104' title='bbox 943 1917 1113 1999; x_wconf 89' lang='lat' dir='ltr'>Lusgard,</span> <span class='ocrx_word' id='word_1_105' title='bbox 1130 1917 1251 1982; x_wconf 78' lang='lat' dir='ltr'>AEael-</span> 
     </span>
     <span class='ocr_line' id='line_1_17' title="bbox 195 2011 1290 2100; baseline 0.005 -23"><span class='ocrx_word' id='word_1_106' title='bbox 195 2014 398 2097; x_wconf 91' lang='lat' dir='ltr'>huniglond,</span> <span class='ocrx_word' id='word_1_107' title='bbox 415 2016 605 2098; x_wconf 89' lang='lat' dir='ltr'>Bardunig.</span> <span class='ocrx_word' id='word_1_108' title='bbox 658 2017 771 2093; x_wconf 86' lang='lat' dir='ltr'>Haec,</span> <span class='ocrx_word' id='word_1_109' title='bbox 786 2017 940 2100; x_wconf 86' lang='lat' dir='ltr'>inquam,</span> <span class='ocrx_word' id='word_1_110' title='bbox 954 2020 1057 2082; x_wconf 90' lang='lat' dir='ltr'>beato</span> <span class='ocrx_word' id='word_1_111' title='bbox 1078 2017 1185 2081; x_wconf 91' lang='lat' dir='ltr'>Petro</span> <span class='ocrx_word' id='word_1_112' title='bbox 1199 2039 1250 2082; x_wconf 90' lang='lat' dir='ltr'>ra·</span> <span class='ocrx_word' id='word_1_113' title='bbox 1258 2011 1290 2061; x_wconf 39' lang='lat' dir='ltr'>*x</span> 
     </span>
     <span class='ocr_line' id='line_1_18' title="bbox 196 2115 1275 2200; baseline 0.002 -21"><span class='ocrx_word' id='word_1_114' title='bbox 196 2115 321 2197; x_wconf 89' lang='lat' dir='ltr'>galiter</span> <span class='ocrx_word' id='word_1_115' title='bbox 338 2116 457 2180; x_wconf 89' lang='lat' dir='ltr'>habita</span> <span class='ocrx_word' id='word_1_116' title='bbox 474 2117 636 2198; x_wconf 83' lang='lat' dir='ltr'>regaliter</span> <span class='ocrx_word' id='word_1_117' title='bbox 653 2117 803 2181; x_wconf 87' lang='lat' dir='ltr'>concedo</span> <span class='ocrx_word' id='word_1_118' title='bbox 825 2117 983 2182; x_wconf 89' lang='lat' dir='ltr'>habenda</span> <span class='ocrx_word' id='word_1_119' title='bbox 1000 2119 1034 2181; x_wconf 92' lang='lat' dir='ltr'>in</span> <span class='ocrx_word' id='word_1_120' title='bbox 1049 2125 1250 2200; x_wconf 87' lang='lat' dir='ltr'>perpetuam</span> <span class='ocrx_word' id='word_1_121' title='bbox 1272 2124 1275 2132; x_wconf 93' lang='lat'>&#39;</span> 
     </span>
     <span class='ocr_line' id='line_1_19' title="bbox 195 2215 1251 2301; baseline 0.005 -24"><span class='ocrx_word' id='word_1_122' title='bbox 195 2215 441 2281; x_wconf 90' lang='lat' dir='ltr'>haereditatem</span> <span class='ocrx_word' id='word_1_123' title='bbox 479 2223 584 2300; x_wconf 90' lang='lat' dir='ltr'>atque</span> <span class='ocrx_word' id='word_1_124' title='bbox 626 2217 835 2281; x_wconf 89' lang='lat' dir='ltr'>liberrimam</span> <span class='ocrx_word' id='word_1_125' title='bbox 876 2219 1062 2282; x_wconf 87' lang='lat' dir='ltr'>aecclesiae</span> <span class='ocrx_word' id='word_1_126' title='bbox 1100 2218 1251 2301; x_wconf 89' lang='lat' dir='ltr'>proprie-</span> 
     </span>
     <span class='ocr_line' id='line_1_20' title="bbox 196 2316 1253 2401; baseline 0.004 -22"><span class='ocrx_word' id='word_1_127' title='bbox 196 2322 316 2394; x_wconf 87' lang='lat' dir='ltr'>tatem,</span> <span class='ocrx_word' id='word_1_128' title='bbox 335 2319 518 2381; x_wconf 88' lang='lat' dir='ltr'>obsecrans</span> <span class='ocrx_word' id='word_1_129' title='bbox 541 2318 728 2400; x_wconf 90' lang='lat' dir='ltr'>peripsum</span> <span class='ocrx_word' id='word_1_130' title='bbox 745 2316 980 2400; x_wconf 90' lang='lat' dir='ltr'>apostolorum</span> <span class='ocrx_word' id='word_1_131' title='bbox 1005 2318 1194 2401; x_wconf 90' lang='lat' dir='ltr'>principem</span> <span class='ocrx_word' id='word_1_132' title='bbox 1218 2326 1253 2383; x_wconf 90' lang='lat' dir='ltr'>et</span> 
     </span>
     <span class='ocr_line' id='line_1_21' title="bbox 197 2417 1252 2500; baseline 0.002 -20"><span class='ocrx_word' id='word_1_133' title='bbox 197 2436 259 2498; x_wconf 88' lang='lat' dir='ltr'>per</span> <span class='ocrx_word' id='word_1_134' title='bbox 274 2417 499 2499; x_wconf 89' lang='lat' dir='ltr'>apostolicam</span> <span class='ocrx_word' id='word_1_135' title='bbox 516 2418 722 2481; x_wconf 89' lang='lat' dir='ltr'>sententiam</span> <span class='ocrx_word' id='word_1_136' title='bbox 739 2427 1009 2500; x_wconf 87' lang='lat' dir='ltr'>praesumptam,</span> <span class='ocrx_word' id='word_1_137' title='bbox 1030 2438 1072 2481; x_wconf 93' lang='lat' dir='ltr'>ne</span> <span class='ocrx_word' id='word_1_138' title='bbox 1090 2418 1167 2500; x_wconf 92' lang='lat' dir='ltr'>quis</span> <span class='ocrx_word' id='word_1_139' title='bbox 1191 2438 1252 2482; x_wconf 93' lang='lat' dir='ltr'>un-</span> 
     </span>
     <span class='ocr_line' id='line_1_22' title="bbox 198 2516 1252 2599; baseline 0.003 -20"><span class='ocrx_word' id='word_1_140' title='bbox 198 2536 302 2598; x_wconf 89' lang='lat' dir='ltr'>quam</span> <span class='ocrx_word' id='word_1_141' title='bbox 323 2517 580 2582; x_wconf 90' lang='lat' dir='ltr'>succedentium</span> <span class='ocrx_word' id='word_1_142' title='bbox 612 2526 684 2582; x_wconf 90' lang='lat' dir='ltr'>tam</span> <span class='ocrx_word' id='word_1_143' title='bbox 714 2517 757 2580; x_wconf 85' lang='lat' dir='ltr'>de</span> <span class='ocrx_word' id='word_1_144' title='bbox 787 2517 853 2580; x_wconf 90' lang='lat' dir='ltr'>biis</span> <span class='ocrx_word' id='word_1_145' title='bbox 886 2537 988 2599; x_wconf 93' lang='lat' dir='ltr'>quam</span> <span class='ocrx_word' id='word_1_146' title='bbox 1021 2518 1063 2582; x_wconf 92' lang='lat' dir='ltr'>de</span> <span class='ocrx_word' id='word_1_147' title='bbox 1094 2516 1252 2582; x_wconf 90' lang='lat' dir='ltr'>omnibus</span> 
     </span>
     <span class='ocr_line' id='line_1_23' title="bbox 198 2617 1252 2700; baseline 0.004 -21"><span class='ocrx_word' id='word_1_148' title='bbox 198 2618 299 2680; x_wconf 91' lang='lat' dir='ltr'>rebus</span> <span class='ocrx_word' id='word_1_149' title='bbox 327 2617 370 2680; x_wconf 92' lang='lat' dir='ltr'>ad</span> <span class='ocrx_word' id='word_1_150' title='bbox 399 2618 511 2700; x_wconf 88' lang='lat' dir='ltr'>ipsam</span> <span class='ocrx_word' id='word_1_151' title='bbox 541 2617 741 2681; x_wconf 89' lang='lat' dir='ltr'>aecclesiam</span> <span class='ocrx_word' id='word_1_152' title='bbox 769 2618 1042 2700; x_wconf 89' lang='lat' dir='ltr'>appendentibus</span> <span class='ocrx_word' id='word_1_153' title='bbox 1068 2619 1252 2700; x_wconf 91' lang='lat' dir='ltr'>quicquam</span> 
     </span>
     <span class='ocr_line' id='line_1_24' title="bbox 197 2716 1253 2803; baseline 0.002 -23"><span class='ocrx_word' id='word_1_154' title='bbox 197 2716 367 2782; x_wconf 90' lang='lat' dir='ltr'>detrahat.</span> <span class='ocrx_word' id='word_1_155' title='bbox 431 2717 534 2796; x_wconf 87' lang='lat' dir='ltr'>Quod</span> <span class='ocrx_word' id='word_1_156' title='bbox 568 2718 598 2780; x_wconf 93' lang='lat' dir='ltr'>si</span> <span class='ocrx_word' id='word_1_157' title='bbox 632 2718 709 2800; x_wconf 91' lang='lat' dir='ltr'>quis</span> <span class='ocrx_word' id='word_1_158' title='bbox 741 2718 859 2782; x_wconf 88' lang='lat' dir='ltr'>fecerit</span> <span class='ocrx_word' id='word_1_159' title='bbox 892 2719 1049 2783; x_wconf 92' lang='lat' dir='ltr'>omnibus</span> <span class='ocrx_word' id='word_1_160' title='bbox 1082 2719 1253 2803; x_wconf 90' lang='lat' dir='ltr'>episcopis</span> 
     </span>
     <span class='ocr_line' id='line_1_25' title="bbox 197 2817 1282 2907; baseline 0.003 -27"><span class='ocrx_word' id='word_1_161' title='bbox 197 2817 463 2900; x_wconf 88' lang='lat' dir='ltr'>dampnantibus</span> <span class='ocrx_word' id='word_1_162' title='bbox 498 2825 534 2882; x_wconf 91' lang='lat' dir='ltr'>et</span> <span class='ocrx_word' id='word_1_163' title='bbox 565 2817 631 2881; x_wconf 91' lang='lat' dir='ltr'>hiis</span> <span class='ocrx_word' id='word_1_164' title='bbox 659 2819 935 2901; x_wconf 86' lang='lat' dir='ltr'>praesentialiter</span> <span class='ocrx_word' id='word_1_165' title='bbox 961 2820 1282 2907; x_wconf 78' lang='lat' dir='ltr'>subscribentibus</span> 
     </span>
     <span class='ocr_line' id='line_1_26' title="bbox 199 2906 1262 3000; baseline 0 -19"><span class='ocrx_word' id='word_1_166' title='bbox 199 2917 390 3000; x_wconf 90' lang='lat' dir='ltr'>apostolico</span> <span class='ocrx_word' id='word_1_167' title='bbox 405 2917 521 2999; x_wconf 90' lang='lat' dir='ltr'>gladio</span> <span class='ocrx_word' id='word_1_168' title='bbox 539 2918 843 2983; x_wconf 88' lang='lat' dir='ltr'>animaduertatur.</span> <span class='ocrx_word' id='word_1_169' title='bbox 1255 2906 1262 2917; x_wconf 77' lang='grc'><em>’</em></span> 
     </span>
     <span class='ocr_line' id='line_1_27' title="bbox 253 3017 1251 3100; baseline 0 -18"><span class='ocrx_word' id='word_1_170' title='bbox 253 3020 292 3100; x_wconf 76' lang='lat'>›1‹</span> <span class='ocrx_word' id='word_1_171' title='bbox 316 3019 392 3100; x_wconf 89' lang='lat' dir='ltr'>Ego</span> <span class='ocrx_word' id='word_1_172' title='bbox 411 3017 626 3094; x_wconf 67' lang='lat' dir='ltr'>Theodorus</span> <span class='ocrx_word' id='word_1_173' title='bbox 645 3018 806 3083; x_wconf 89' lang='lat' dir='ltr'>Romana</span> <span class='ocrx_word' id='word_1_174' title='bbox 828 3018 999 3100; x_wconf 83' lang='lat' dir='ltr'>legatione</span> <span class='ocrx_word' id='word_1_175' title='bbox 1023 3019 1058 3081; x_wconf 92' lang='lat' dir='ltr'>in</span> <span class='ocrx_word' id='word_1_176' title='bbox 1079 3018 1142 3082; x_wconf 93' lang='lat' dir='ltr'>hos</span> <span class='ocrx_word' id='word_1_177' title='bbox 1166 3018 1251 3082; x_wconf 89' lang='lat' dir='ltr'>fines</span> 
     </span>
     <span class='ocr_line' id='line_1_28' title="bbox 199 3118 1252 3201; baseline 0.001 -19"><span class='ocrx_word' id='word_1_178' title='bbox 199 3125 311 3183; x_wconf 89' lang='lat' dir='ltr'>terrae</span> <span class='ocrx_word' id='word_1_179' title='bbox 338 3118 529 3182; x_wconf 89' lang='lat' dir='ltr'>destinatus</span> <span class='ocrx_word' id='word_1_180' title='bbox 552 3126 588 3182; x_wconf 90' lang='lat' dir='ltr'>et</span> <span class='ocrx_word' id='word_1_181' title='bbox 603 3118 685 3183; x_wconf 89' lang='lat' dir='ltr'>licet</span> <span class='ocrx_word' id='word_1_182' title='bbox 702 3119 863 3201; x_wconf 89' lang='lat' dir='ltr'>indignus</span> <span class='ocrx_word' id='word_1_183' title='bbox 881 3119 956 3182; x_wconf 92' lang='lat' dir='ltr'>uice</span> <span class='ocrx_word' id='word_1_184' title='bbox 982 3119 1104 3183; x_wconf 89' lang='lat' dir='ltr'>beatae</span> <span class='ocrx_word' id='word_1_185' title='bbox 1127 3139 1252 3183; x_wconf 88' lang='lat' dir='ltr'>memo-</span> 
     </span>
     <span class='ocr_line' id='line_1_29' title="bbox 200 3217 1254 3301; baseline 0.002 -21"><span class='ocrx_word' id='word_1_186' title='bbox 200 3219 271 3283; x_wconf 90' lang='lat' dir='ltr'>riae</span> <span class='ocrx_word' id='word_1_187' title='bbox 293 3217 481 3301; x_wconf 90' lang='lat' dir='ltr'>Augustini</span> <span class='ocrx_word' id='word_1_188' title='bbox 512 3219 767 3283; x_wconf 91' lang='lat' dir='ltr'>Dorobernensi</span> <span class='ocrx_word' id='word_1_189' title='bbox 796 3218 961 3284; x_wconf 87' lang='lat' dir='ltr'>cathedra</span> <span class='ocrx_word' id='word_1_190' title='bbox 992 3219 1254 3297; x_wconf 65' lang='lat' dir='ltr'>inthronizatus</span> 
     </span>
     <span class='ocr_line' id='line_1_30' title="bbox 199 3318 1245 3403; baseline 0.001 -21"><span class='ocrx_word' id='word_1_191' title='bbox 199 3318 299 3383; x_wconf 84' lang='lat' dir='ltr'>iuxta</span> <span class='ocrx_word' id='word_1_192' title='bbox 320 3319 549 3402; x_wconf 90' lang='lat' dir='ltr'>apostolicum</span> <span class='ocrx_word' id='word_1_193' title='bbox 573 3339 685 3403; x_wconf 89' lang='lat' dir='ltr'>papae</span> <span class='ocrx_word' id='word_1_194' title='bbox 701 3318 898 3401; x_wconf 88' lang='lat' dir='ltr'>Agathonis</span> <span class='ocrx_word' id='word_1_195' title='bbox 922 3318 1123 3383; x_wconf 92' lang='lat' dir='ltr'>mandatnm</span> <span class='ocrx_word' id='word_1_196' title='bbox 1144 3321 1245 3402; x_wconf 86' lang='lat' dir='ltr'>priui-</span> 
     </span>
     <span class='ocr_line' id='line_1_31' title="bbox 198 3418 1318 3502; baseline 0.003 -21"><span class='ocrx_word' id='word_1_197' title='bbox 198 3418 327 3500; x_wconf 83' lang='lat' dir='ltr'>legium</span> <span class='ocrx_word' id='word_1_198' title='bbox 341 3420 541 3483; x_wconf 89' lang='lat' dir='ltr'>monasterii</span> <span class='ocrx_word' id='word_1_199' title='bbox 554 3420 855 3484; x_wconf 89' lang='lat' dir='ltr'>Medesbamstede</span> <span class='ocrx_word' id='word_1_200' title='bbox 870 3419 1119 3502; x_wconf 89' lang='lat' dir='ltr'>subscriptione</span> <span class='ocrx_word' id='word_1_201' title='bbox 1134 3428 1254 3484; x_wconf 90' lang='lat' dir='ltr'>nostra</span> <span class='ocrx_word' id='word_1_202' title='bbox 1314 3490 1318 3495; x_wconf 62' lang='grc'><em>,</em></span> 
     </span>
     <span class='ocr_line' id='line_1_32' title="bbox 201 3520 1253 3602; baseline 0.002 -20"><span class='ocrx_word' id='word_1_203' title='bbox 201 3520 377 3597; x_wconf 90' lang='lat' dir='ltr'>confirmo,</span> <span class='ocrx_word' id='word_1_204' title='bbox 396 3521 495 3584; x_wconf 90' lang='lat' dir='ltr'>cuius</span> <span class='ocrx_word' id='word_1_205' title='bbox 509 3520 734 3585; x_wconf 89' lang='lat' dir='ltr'>inuiolatores</span> <span class='ocrx_word' id='word_1_206' title='bbox 755 3520 905 3602; x_wconf 89' lang='lat' dir='ltr'>dampno</span> <span class='ocrx_word' id='word_1_207' title='bbox 927 3528 961 3584; x_wconf 88' lang='lat' dir='ltr'>et</span> <span class='ocrx_word' id='word_1_208' title='bbox 980 3521 1253 3599; x_wconf 87' lang='lat' dir='ltr'>excommunico,</span> 
     </span>
     <span class='ocr_line' id='line_1_33' title="bbox 200 3618 1254 3703; baseline 0.001 -19"><span class='ocrx_word' id='word_1_209' title='bbox 200 3620 395 3684; x_wconf 82' lang='lat' dir='ltr'>defensores</span> <span class='ocrx_word' id='word_1_210' title='bbox 412 3639 495 3684; x_wconf 89' lang='lat' dir='ltr'>uero</span> <span class='ocrx_word' id='word_1_211' title='bbox 509 3621 665 3703; x_wconf 83' lang='lat' dir='ltr'>gratifico</span> <span class='ocrx_word' id='word_1_212' title='bbox 687 3628 723 3684; x_wconf 90' lang='lat' dir='ltr'>et</span> <span class='ocrx_word' id='word_1_213' title='bbox 736 3618 911 3685; x_wconf 89' lang='lat' dir='ltr'>benedico.</span> <span class='ocrx_word' id='word_1_214' title='bbox 969 3622 1008 3702; x_wconf 73' lang='lat'>›1‹</span> <span class='ocrx_word' id='word_1_215' title='bbox 1026 3620 1102 3702; x_wconf 88' lang='lat' dir='ltr'>Ego</span> <span class='ocrx_word' id='word_1_216' title='bbox 1118 3619 1254 3685; x_wconf 88' lang='lat' dir='ltr'>humilis</span> 
     </span>
     <span class='ocr_line' id='line_1_34' title="bbox 201 3720 1253 3803; baseline 0 -19"><span class='ocrx_word' id='word_1_217' title='bbox 201 3720 366 3784; x_wconf 85' lang='lat' dir='ltr'>Saxulsus</span> <span class='ocrx_word' id='word_1_218' title='bbox 386 3721 495 3803; x_wconf 88' lang='lat' dir='ltr'>regali</span> <span class='ocrx_word' id='word_1_219' title='bbox 512 3721 677 3784; x_wconf 85' lang='lat' dir='ltr'>beneficio</span> <span class='ocrx_word' id='word_1_220' title='bbox 693 3721 845 3785; x_wconf 90' lang='lat' dir='ltr'>eiusdem</span> <span class='ocrx_word' id='word_1_221' title='bbox 862 3721 1061 3785; x_wconf 88' lang='lat' dir='ltr'>monasterii</span> <span class='ocrx_word' id='word_1_222' title='bbox 1078 3720 1253 3798; x_wconf 84' lang='lat' dir='ltr'>fundator,</span> 
     </span>
     <span class='ocr_line' id='line_1_35' title="bbox 199 3821 1253 3904; baseline 0 -20"><span class='ocrx_word' id='word_1_223' title='bbox 199 3821 250 3885; x_wconf 92' lang='lat' dir='ltr'>ita</span> <span class='ocrx_word' id='word_1_224' title='bbox 280 3821 391 3904; x_wconf 90' lang='lat' dir='ltr'>ipsius</span> <span class='ocrx_word' id='word_1_225' title='bbox 423 3821 459 3884; x_wconf 90' lang='lat' dir='ltr'>in</span> <span class='ocrx_word' id='word_1_226' title='bbox 493 3821 650 3885; x_wconf 89' lang='lat' dir='ltr'>omnibus</span> <span class='ocrx_word' id='word_1_227' title='bbox 683 3821 877 3886; x_wconf 91' lang='lat' dir='ltr'>libertatem</span> <span class='ocrx_word' id='word_1_228' title='bbox 908 3828 944 3884; x_wconf 90' lang='lat' dir='ltr'>et</span> <span class='ocrx_word' id='word_1_229' title='bbox 975 3821 1253 3903; x_wconf 90' lang='lat' dir='ltr'>praerogatiuam</span> 
     </span>
     <span class='ocr_line' id='line_1_36' title="bbox 200 3920 1254 4004; baseline 0.002 -20"><span class='ocrx_word' id='word_1_230' title='bbox 200 3922 420 3986; x_wconf 86' lang='lat' dir='ltr'>corroborare</span> <span class='ocrx_word' id='word_1_231' title='bbox 445 3920 590 4003; x_wconf 90' lang='lat' dir='ltr'>gaudeo,</span> <span class='ocrx_word' id='word_1_232' title='bbox 608 3922 699 3985; x_wconf 88' lang='lat' dir='ltr'>sicut</span> <span class='ocrx_word' id='word_1_233' title='bbox 724 3921 755 3985; x_wconf 94' lang='lat' dir='ltr'>ei</span> <span class='ocrx_word' id='word_1_234' title='bbox 781 3921 965 4004; x_wconf 87' lang='lat' dir='ltr'>specialius</span> <span class='ocrx_word' id='word_1_235' title='bbox 987 3922 1118 4003; x_wconf 87' lang='lat' dir='ltr'>optima</span> <span class='ocrx_word' id='word_1_236' title='bbox 1141 3923 1254 3986; x_wconf 90' lang='lat' dir='ltr'>omnia</span> 
     </span>
     <span class='ocr_line' id='line_1_37' title="bbox 202 4019 1254 4104; baseline 0.002 -20"><span class='ocrx_word' id='word_1_237' title='bbox 202 4022 316 4104; x_wconf 92' lang='lat' dir='ltr'>cupio,</span> <span class='ocrx_word' id='word_1_238' title='bbox 330 4029 370 4085; x_wconf 89' lang='lat' dir='ltr'>ut</span> <span class='ocrx_word' id='word_1_239' title='bbox 388 4021 492 4087; x_wconf 92' lang='lat' dir='ltr'>nichil</span> <span class='ocrx_word' id='word_1_240' title='bbox 508 4041 669 4104; x_wconf 90' lang='lat' dir='ltr'>usurpem</span> <span class='ocrx_word' id='word_1_241' title='bbox 688 4021 801 4085; x_wconf 90' lang='lat' dir='ltr'>uelde</span> <span class='ocrx_word' id='word_1_242' title='bbox 819 4023 921 4086; x_wconf 91' lang='lat' dir='ltr'>rebus</span> <span class='ocrx_word' id='word_1_243' title='bbox 938 4021 995 4084; x_wconf 93' lang='lat' dir='ltr'>uel</span> <span class='ocrx_word' id='word_1_244' title='bbox 1010 4019 1129 4085; x_wconf 90' lang='lat' dir='ltr'>officiis</span> <span class='ocrx_word' id='word_1_245' title='bbox 1145 4021 1254 4104; x_wconf 92' lang='lat' dir='ltr'>ipsius</span> 
     </span>
     <span class='ocr_line' id='line_1_38' title="bbox 202 4121 1256 4204; baseline 0.003 -20"><span class='ocrx_word' id='word_1_246' title='bbox 202 4122 401 4186; x_wconf 86' lang='lat' dir='ltr'>monasterii</span> <span class='ocrx_word' id='word_1_247' title='bbox 431 4129 569 4204; x_wconf 88' lang='lat' dir='ltr'>praeter</span> <span class='ocrx_word' id='word_1_248' title='bbox 597 4123 811 4185; x_wconf 88' lang='lat' dir='ltr'>uoluntatem</span> <span class='ocrx_word' id='word_1_249' title='bbox 839 4129 873 4186; x_wconf 92' lang='lat' dir='ltr'>et</span> <span class='ocrx_word' id='word_1_250' title='bbox 899 4121 1167 4204; x_wconf 89' lang='lat' dir='ltr'>postulationem</span> <span class='ocrx_word' id='word_1_251' title='bbox 1196 4125 1256 4187; x_wconf 88' lang='lat' dir='ltr'>ab·</span> 
     </span>
    </p>
   </div>
   <div class='ocr_carea' id='block_1_4' title="bbox 0 0 1460 4890">
    <p class='ocr_par' dir='ltr' id='par_1_4' title="bbox 0 0 1460 4890">
     <span class='ocr_line' id='line_1_39' title="bbox 0 0 1460 4890; baseline 0 0"><span class='ocrx_word' id='word_1_252' title='bbox 0 0 1460 4890; x_wconf 95' lang='lat' dir='ltr'> </span> 
     </span>
    </p>
   </div>
  </div>
 </body>
</html>
