2888 4890
190 361 234 423 60
449 374 622 421 cunnus
648 373 994 423 Anonosnxortlonu.

192 539 317 596 terram
341 539 475 596 centum
495 541 530 595 et
547 532 664 595 decem
685 531 908 606 manentium,
926 529 1114 612 sexaginta
1130 547 1252 592 cassa-

193 640 307 696 torum
325 632 486 696 uidelicet
506 633 542 694 in
564 631 641 695 loco
662 631 722 712 qui
745 630 871 694 dicitur
890 630 1023 707 Fleote,
1046 636 1082 693 et
1101 628 1250 710 triginta

192 734 228 795 in
246 732 322 796 loco
337 733 395 814 qui
414 732 539 795 dicitur
556 731 744 806 Teneham,
767 731 803 792 in
820 730 922 793 tertio
940 748 1078 812 quoque
1094 728 1172 792 loco
1188 728 1249 791 ubi

193 831 320 895 dicitur
338 830 466 912 Creges
485 830 654 911 aewylma,
670 830 805 911 uiginti.
857 829 956 907 Quas
979 830 1112 893 scilicet
1134 835 1248 892 terras

194 932 275 995 olim
298 951 359 994 rex
386 930 465 994 Offa
488 931 554 994 sibi
583 930 713 993 uiuenti
738 929 951 993 conscribere
981 929 1074 1004 fecit,
1106 927 1252 1009 suisque

192 1030 396 1111 haeredibus
427 1038 507 1112 post
534 1049 628 1107 eum;
656 1036 691 1092 et
718 1039 799 1111 post
821 1048 938 1093 eorum
971 1046 1110 1092 cursum
1138 1026 1252 1104 uitae,

194 1131 381 1194 aecclesiae
409 1149 498 1214 quae
525 1130 593 1193 sita
627 1136 681 1192 est
714 1128 806 1210 apud
829 1128 1022 1192 Beodeford
1051 1126 1251 1208 consignari

194 1232 381 1313 praecepit.
425 1229 505 1293 Hoc
527 1230 631 1293 etiam
654 1247 770 1292 coram
789 1229 882 1292 omni
905 1228 1038 1309 synodo
1056 1227 1247 1308 elegimus;

121 1358 123 1362 ·
194 1336 234 1394 ut
265 1332 342 1412 ipsa
372 1331 547 1394 abbatissa
575 1348 596 1391 a
629 1348 684 1392 me
710 1328 876 1410 percipiet
909 1327 1249 1409 saepe-nominatum

195 1429 397 1494 coenobium
420 1449 497 1492 cum
520 1428 592 1492 suis
614 1428 916 1510 inscriptionibus3
944 1435 979 1491 et
997 1447 1062 1509 ego
1078 1433 1191 1490 terras
1214 1434 1251 1490 et

194 1529 330 1593 libellos
354 1536 523 1592 terrarum
548 1528 684 1591 illarum
702 1547 790 1610 quas
811 1526 895 1590 mihi
921 1527 956 1589 in
974 1526 1102 1591 Cantia
1124 1524 1250 1603 reddit,

196 1630 240 1692 ab
256 1648 298 1692 ea
312 1629 513 1710 acciperem,
529 1636 699 1710 quatenus
722 1627 818 1690 nulla
833 1627 1057 1708 imposterum
1074 1627 1166 1689 inter
1185 1645 1251 1689 nos

197 1728 429 1810 haeredesque
463 1735 601 1791 nostros
633 1735 668 1791 et
699 1727 797 1791 Offae
833 1728 925 1808 regis
961 1734 1083 1807 surgat
1114 1730 1252 1789 contro-

196 1829 323 1904 uersia,
347 1828 406 1892 sed
434 1827 525 1910 quod
558 1829 622 1890 sub
650 1834 721 1891 tam
749 1826 874 1889 nobilis
901 1827 1024 1910 synodi
1051 1825 1252 1889 testimonio

197 1929 288 1992 inter
315 1947 378 1991 nos
403 1927 642 1991 confirmatum
668 1935 721 1991 est
736 1926 911 2007 indirupto
933 1926 1070 1990 foedere
1091 1931 1252 1988 seruetur

196 2029 459 2109 imperpetuum.
494 2026 956 2110 EgoquoqueAE’delhardus
972 2025 1253 2106 archiepiscopus

198 2127 348 2192 concedo
381 2127 591 2209 Cynidriilae
633 2127 830 2190 abbatissae
871 2125 1116 2190 monasterium
1157 2123 1252 2206 quod

197 2228 300 2291 situm
322 2228 427 2290 estin
447 2228 525 2291 loco
542 2226 602 2308 qui
620 2226 745 2290 dicitur
764 2225 960 2306 Poctanege
981 2226 1024 2289 ad
1044 2221 1253 2301 habendum,

198 2327 290 2409 quod
310 2327 393 2390 mihi
411 2347 473 2390 rex
501 2327 579 2409 pius
598 2326 761 2407 ngridus
786 2324 1014 2390 haereditario
1036 2327 1109 2389 iure
1137 2324 1252 2406 possi-

197 2427 344 2490 dendum
361 2427 505 2490 donauit
521 2432 626 2508 atque
643 2426 859 2507 conscripsit.

664 2609 785 2622 —-.

663 2722 801 2789 mxx.

381 2841 652 2938 obauuuur
677 2873 742 2938 or
766 2873 975 2954 nuncin,
997 2877 1074 2941 799.

254 3023 292 3103 ›1‹
317 3020 362 3084 ΙΝ
385 3020 521 3084 nomine
548 3021 774 3104 redemptoris
800 3025 939 3089 mundi!
1002 3027 1078 3109 Ego
1106 3026 1260 3092 Coenulf

198 3121 312 3203 gratia
338 3120 393 3183 dei
426 3140 488 3183 rex
514 3121 735 3201 Marciorum,
752 3125 964 3189 AEdelhardo
993 3126 1253 3211 archiepiscopo

198 3227 317 3285 nostro
335 3227 492 3302 rogante,
505 3229 632 3285 terram
647 3222 878 3305 quadraginta
894 3232 1044 3306 quatuor
1058 3235 1253 3292 aratrorum

199 3321 242 3384 ad
270 3320 569 3402 metropolitanam
598 3322 783 3387 saluatoris
806 3324 1008 3389 aecclesiam
1029 3347 1091 3409 spe
1114 3327 1255 3393 futurae

200 3420 487 3502 compensationis
510 3421 628 3498 reddo,
655 3423 713 3486 ubi
738 3424 789 3487 ita
816 3425 1012 3489 nominatur
1035 3433 1072 3490 at
1099 3426 1255 3510 Charing

199 3520 342 3602 triginta
364 3527 569 3598 aratrorum,
593 3529 630 3586 at
652 3522 843 3587 Selebertes
866 3523 963 3589 chert
985 3527 1059 3590 sine
1076 3527 1254 3610 Bryuing-

199 3620 280 3684 land
297 3620 427 3696 decem,
446 3639 533 3702 quas
555 3622 716 3686 uidelicet
732 3630 842 3686 terras
859 3623 939 3687 olim
958 3645 1021 3689 rex
1039 3626 1254 3706 Ecgebertus

199 3738 401 3802 magnarum
429 3723 748 3802 recompensatione
772 3723 961 3805 gratiarum
988 3726 1031 3789 ad
1059 3729 1254 3809 praenomi-

199 3829 316 3885 natam
328 3819 535 3902 perdonauit
548 3822 769 3903 aecclesiam3
788 3825 882 3900 item,
896 3831 1046 3906 quatuor
1059 3834 1254 3892 aratrorum

201 3921 406 3984 ubidicitur
430 3920 692 4003 Humbinglond
716 3943 761 3986 on
782 3924 980 4002 Bioraham‚
1004 3946 1108 4008 quam
1128 3928 1253 3992 etenim

199 4029 327 4083 terram
349 4021 526 4102 praefatus
545 4021 738 4104 Ecgbertus
754 4042 817 4087 suo
834 4024 992 4090 ministro
1014 4026 1151 4090 nomine
1167 4024 1254 4092 Ald-

200 4119 271 4183 hun
288 4121 446 4200 tradidit3
465 4129 502 4185 at
519 4123 589 4200 ille,
601 4122 694 4186 ultra
712 4143 805 4187 mare
824 4124 979 4203 tendens,
995 4146 1096 4190 suum
1111 4127 1255 4194 dederat
