2888 4890
190 348 233 410 10
450 361 623 410 cesama
645 359 989 408 nucuosrxomcnn.

191 518 398 583 uersationis
432 525 616 596 amatores
651 518 826 600 suggessit
863 517 945 580 mibi
982 536 1060 580 cum
1097 514 1245 579 nonnul·

192 618 235 683 lis
269 620 434 683 fratribus
464 618 554 683 uelle
591 618 646 682 dei
677 618 815 701 quidem
847 625 933 681 nutu
967 625 1002 682 et
1036 623 1155 681 nostro
1188 633 1247 678 as·

192 738 307 796 sensu,
330 720 574 783 monasterium
603 719 639 782 in
668 718 745 800 ipsa
776 718 973 782 subiacente
1001 717 1139 780 heremo
1165 735 1245 779 cnm

194 819 402 884 heremiticis
440 819 573 884 cellulis
611 819 646 882 in
682 818 812 882 bonore
848 818 904 881 dei
942 817 1119 900 genitricis
1165 835 1247 880 eon·

192 927 324 984 struere
345 921 381 982 in
401 919 481 984 loco
498 919 558 1002 qui
579 919 648 983 iam
675 937 799 982 nomen
821 918 955 1002 accepit
971 915 1137 999 Ancarig,
1159 934 1246 998 qua-

193 1019 287 1083 tinus
312 1020 361 1083 ibi
382 1019 439 1083 uel
466 1019 667 1084 coenobitae
695 1038 760 1101 pro
783 1018 1006 1095 anachoritis,
1023 1017 1080 1082 uel
1095 1015 1247 1081 anacho-

194 1119 281 1182 ritae
303 1139 367 1203 pro
392 1120 593 1196 coenobitis,
614 1120 732 1183 diuina
758 1138 842 1202 pace
867 1126 1009 1200 possent
1035 1115 1247 1182 conuersari.

194 1217 331 1298 Quibus
358 1227 432 1284 tum
459 1218 689 1301 ego-Quod
712 1219 830 1294 semel,
858 1221 1012 1302 inquam,
1037 1219 1137 1282 uobis
1168 1236 1247 1298 per·

193 1321 346 1400 petuaui‚
365 1320 470 1383 etiam
492 1321 523 1384 si
548 1320 592 1383 ad
618 1319 705 1384 alios
729 1327 863 1384 uestros
886 1338 970 1382 usus
989 1317 1247 1392 conuerteretis,

192 1439 261 1485 non
290 1420 486 1484 habuissem
515 1420 761 1498 contradicere,
796 1427 928 1503 quanto
964 1419 1076 1501 magis
1105 1437 1183 1482 cnm
1212 1415 1249 1479 id

192 1520 442 1602 proposueritis
463 1520 500 1582 in
526 1520 797 1584 aedificationem
822 1520 1009 1584 aecclesiae
1033 1527 1069 1583 et
1094 1519 1130 1582 in
1161 1536 1248 1599 aug·

194 1620 438 1685 mentationem
465 1620 642 1702 religionis
668 1620 826 1698 diuinae;
862 1621 965 1684 immo
992 1639 1056 1702 ego
1084 1619 1186 1683 laneo
1213 1625 1250 1682 et

193 1719 309 1798 laudo,
327 1727 366 1784 ut
386 1720 585 1803 perficiatur
610 1740 651 1785 eo
678 1720 745 1784 loci
772 1721 857 1784 baec
884 1722 976 1784 bona
1003 1726 1038 1783 et
1065 1717 1249 1783 laudabilis

194 1819 358 1885 uoluntas
388 1828 517 1896 uestra,
538 1821 638 1884 iuxta
662 1828 815 1884 uestram
842 1820 1005 1885 ditionem
1036 1821 1071 1883 in
1100 1818 1248 1884 domino.

196 1919 297 1985 Haec
311 1921 423 1998 nobis,
437 1922 540 1984 beato
552 1921 658 1984 Petro
675 1921 904 2003 principante,
919 1919 1119 2003 principalis
1133 1921 1170 1983 in
1184 1937 1249 1983 sua

195 2021 334 2101 regione
356 2028 392 2084 et
409 2020 594 2103 specialius
607 2019 769 2084 Romana
785 2021 831 2084 sit
847 2021 1035 2096 aecclesia;
1066 2020 1121 2084 hie
1143 2038 1250 2102 quae·

195 2139 312 2184 ramus
338 2121 450 2203 ipsum
478 2128 675 2202 patronum,
703 2121 763 2202 qui
791 2121 925 2185 Romae
952 2141 1022 2185 non
1043 2139 1248 2202 possumus:

196 2239 265 2283 non
293 2221 402 2296 decet,
426 2220 531 2284 immo
554 2241 625 2285 non
653 2220 793 2303 expedit
817 2221 928 2298 nobie,
951 2228 991 2285 ut
1012 2221 1098 2284 baec
1121 2221 1251 2284 seruiat

197 2339 287 2402 quae
304 2320 371 2384 fide
386 2321 495 2402 ipsius
511 2319 607 2385 Petri
620 2319 760 2385 Christo
777 2321 940 2403 regaliter
956 2322 1166 2404 desponsata
1180 2328 1250 2400 est3

196 2420 331 2501 ‘Reges
357 2421 535 2502 gentium,'
558 2420 909 2498 sitdominusPetro,
925 2422 1107 2504 ‘aquibus
1127 2421 1252 2503 accipi·

197 2529 262 2584 unt
278 2522 432 2586 tributa?
456 2540 478 2584 a
492 2521 585 2598 filiis,
598 2541 643 2585 an
656 2522 700 2584 ab
714 2521 834 2584 alienis
844 2520 879 2586 l'
901 2519 970 2585 ‘Ab
984 2520 1127 2600 alienis:
1138 2520 1253 2604 inquit

197 2620 344 2698 Petrus;
370 2621 485 2702 ‘Ergo
510 2621 609 2684 liberi
634 2628 715 2685 sunt
733 2620 818 2698 filii,'
836 2622 920 2686 dicit
936 2621 1105 2686 dominus.
1157 2622 1253 2703 Ergo

198 2729 232 2784 et
255 2739 277 2784 a
298 2720 397 2784 nobis
417 2721 463 2785 sit
480 2721 587 2785 libera
603 2721 688 2785 haec
713 2721 832 2803 regina
849 2729 961 2786 mater
974 2741 1053 2785 cnm
1071 2721 1151 2785 filiis
1168 2723 1254 2799 suis,

200 2821 367 2884 ministris
384 2821 439 2883 dei
458 2821 580 2898 nostri,
597 2828 637 2884 ut
662 2821 811 2884 dimissis
834 2821 900 2885 biis
927 2841 1016 2904 quae
1038 2823 1131 2903 regis
1154 2830 1254 2887 erant

199 2927 275 2984 tota
300 2920 460 2984 libertate
485 2938 574 3001 quae
597 2927 677 2984 sunt
698 2920 754 2984 dei
775 2921 840 2985 deo
859 2920 1017 2986 reddant.
1069 2921 1151 2986 Alia
1166 2941 1252 3005 quo·

199 3039 266 3101 que
302 3019 523 3096 monasteria,
555 3038 646 3102 quae
673 3020 728 3084 dei
760 3020 880 3084 famuli
916 3021 1050 3085 Saxulfi
1088 3022 1254 3086 instantia

199 3128 400 3201 assurgunt,
416 3139 494 3183 cum
518 3120 596 3183 aliis
621 3120 795 3184 aecclesiis
815 3121 969 3185 finitimis
987 3141 1077 3204 quae
1093 3121 1254 3205 deinceps

200 3227 423 3301 generantur,
438 3219 539 3284 huius
554 3221 752 3302 primaeuae
766 3222 888 3285 matris
901 3221 1091 3286 uisceribus
1107 3223 1257 3286 fouenda

199 3328 236 3384 et
262 3319 441 3384 educanda
471 3321 617 3402 pignora
645 3321 935 3398 commendamus,
953 3323 1115 3404 quatinus
1145 3322 1254 3386 chris-

199 3421 297 3484 tiana
328 3420 450 3501 religio
487 3421 615 3487 nostris
650 3422 798 3504 primurn
844 3421 1053 3504 temporibus
1097 3430 1253 3487 nostrum

200 3540 343 3602 regnum
360 3522 517 3602 ingressa
538 3521 665 3603 ubique
683 3529 908 3604 propagetur,
925 3522 1159 3598 confirmetur,
1175 3543 1254 3604 per·

199 3628 369 3702 petuetur.
422 3619 527 3684 Hanc
542 3621 749 3685 oblationem
768 3629 920 3685 nostram
936 3618 1133 3686 beatissime
1156 3630 1256 3704 pater

201 3720 405 3797 Deusdedit,
438 3720 629 3802 apostolica
660 3741 766 3784 manu
796 3729 858 3784 tua
889 3722 1031 3786 obsecro
1061 3722 1257 3804 perenniter

200 3821 427 3898 corroborari,
446 3820 506 3902 qui
535 3840 713 3885 successor
739 3821 923 3902 legationis
950 3822 1029 3886 fidei
1056 3822 1149 3886 beati
1169 3822 1257 3887 Gre-
1351 3846 1358 3854 ’

202 3921 300 4002 gorii,
339 3927 375 3984 et
408 3929 619 4002 propagator
656 3921 826 4003 euangelii
864 3922 960 4003 pacis
1001 3922 1256 4004 protodoctoris

202 4021 311 4085 nostri
345 4019 545 4102 Augustini,
577 4029 699 4085 sextus
737 4022 781 4084 ab
814 4021 891 4102 ipso
923 4023 1026 4086 beato
1057 4021 1256 4104 Augustino

201 4120 414 4204 apostolicus
432 4121 582 4184 uicarius
605 4121 782 4204 praesides
810 4121 998 4185 aecclesiae
1016 4123 1258 4189 Dorobernen·
