2888 4890
197 336 262 403 288
449 352 621 402 cnanrnn
643 351 992 401 nunnosnxorlcnn.

197 532 341 595 rumque
369 512 522 594 gentium
562 512 598 574 in
635 512 781 576 circuitu
812 512 1080 595 persistentium,
1113 511 1250 576 cuidam

196 611 289 676 fideli
311 633 387 677 meo
413 613 569 676 ministro
591 613 744 676 uocitata
766 614 902 676 nomine
918 612 1078 689 Eadrico,
1097 613 1141 676 ob
1157 611 1251 675 illius

198 712 345 776 amabile
382 713 595 795 obsequium,
628 712 768 793 eiusque
803 712 964 794 placabili
1001 712 1169 778 fidelitate
1199 729 1250 778 .Χ.

197 832 335 876 mansas
356 812 534 895 largiendo
555 811 701 875 libenter
728 814 917 876 concedens
943 812 1154 894 perdonabo,
1178 812 1251 876 illic

196 913 255 975 ubi
286 913 426 993 uulgus,
457 913 572 995 prisca
607 911 785 989 relatione,
820 913 951 977 uocitat
981 920 1028 976 aet
1059 913 1252 977 Leacbam-

196 1012 305 1086 stede,
323 1013 486 1095 quatinus
512 1010 570 1075 illc
598 1012 688 1074 bene
710 1011 908 1094 perfruatur
933 1031 974 1076 ac
1000 1013 1268 1096 perpetualiter·

195 1112 382 1196 possideat,
408 1111 489 1175 dum
519 1110 621 1174 buius
649 1111 798 1176 labentis
822 1112 900 1176 aeui
924 1131 1063 1176 cursum
1092 1120 1250 1178 transeat

195 1212 358 1289 inlaesus,
385 1217 489 1295 atque
519 1211 636 1275 uitalis
666 1213 809 1295 spiritus
836 1212 1112 1295 incorruptibili
1145 1233 1249 1278 carne

196 1312 399 1392 inhaereat;
431 1318 567 1394 etpost
591 1331 628 1375 se
652 1311 856 1394 cuicumque
881 1312 1030 1377 uoluerit
1052 1315 1251 1395 perenniter

196 1412 336 1476 haeredi
358 1411 584 1494 derelinquat,
598 1412 700 1476 sicuti
716 1411 884 1493 praedixi.
938 1412 991 1478 Sit
1008 1421 1124 1477 autem
1147 1434 1248 1496 prae-

196 1513 326 1578 dictum
352 1532 410 1576 rus
429 1511 573 1576 liberum
590 1513 634 1576 ab
651 1512 746 1576 omni
770 1512 936 1576 mundiali
959 1513 1153 1590 obstaculo,
1168 1534 1248 1579 curn

196 1614 352 1678 omnibus
370 1631 459 1694 quae
485 1612 550 1676 rite
578 1610 622 1675 ad
650 1611 763 1694 ipsum
791 1612 904 1676 locum
933 1612 1102 1696 pertinere
1131 1613 1247 1679 diuos·

196 1721 333 1790 cuntur,
350 1720 422 1775 tam
439 1712 475 1776 in
491 1712 625 1793 magnis
640 1730 743 1794 quam
761 1712 954 1776 inmodicis
971 1715 1086 1790 rebus,
1102 1715 1248 1798 campis,

195 1813 346 1896 pascuis,
388 1812 498 1889 siluis,
540 1819 687 1893 excepto
729 1812 806 1875 istis
848 1812 969 1890 tribus,
1014 1814 1248 1896 expeditione,

195 1912 311 1997 pontis
336 1912 470 1977 arcisue
489 1910 778 1976 coaedificatione.
831 1911 980 1996 Insuper
1000 1914 1044 1977 ad
1066 1923 1249 1996 augment·

196 2034 255 2090 um
270 2013 467 2096 praedictae
492 2012 686 2076 donationis
703 2013 818 2093 gratia
841 2032 945 2077 unam
962 2014 1128 2079 molinam
1145 2014 1247 2080 iuxta

194 2114 389 2178 diriuatiuis
413 2112 569 2176 cursibus
591 2132 760 2195 aquarum
788 2111 1019 2177 Lamburnam
1050 2115 1245 2197 perpetuali

195 2214 378 2279 donatione
403 2213 481 2276 dedi
503 2212 680 2296 praedicto
696 2213 864 2288 ministro,
879 2213 943 2278 boc
958 2221 1112 2296 tompore
1130 2217 1246 2280 cachi-

194 2322 315 2379 nantos
347 2313 489 2378 naenias
521 2312 698 2376 subdolosi
728 2311 829 2376 huius
859 2313 989 2378 saeculi
1018 2313 1246 2382 dinoscuntur

195 2414 364 2479 interdum
394 2412 574 2478 inchoasse
600 2413 748 2476 alienum
784 2413 917 2477 lucrum
943 2414 1009 2479 sibi
1043 2417 1247 2497 usurpatius

195 2534 271 2579 cum
305 2512 492 2578 ambitione
522 2512 715 2595 iniquitatis
747 2513 942 2592 uendicare,
972 2513 1032 2579 sed
1069 2523 1246 2598 torpentes

195 2615 363 2679 auaritiae
388 2613 541 2678 incessus
566 2613 760 2678 omnimodo
783 2614 818 2676 in
837 2614 973 2679 nomine
990 2611 1247 2682 sanctae'trini·

196 2716 279 2779 tatis
303 2715 347 2778 ab
373 2715 529 2778 omnibus
558 2712 752 2777 christianis
780 2713 959 2793 interdico,
986 2715 1036 2778 ita
1065 2722 1104 2780 ut
1131 2736 1244 2781 meum

193 2815 319 2878 donum
335 2815 593 2878 corroboratum
609 2814 655 2878 sit
672 2833 749 2877 cum
764 2815 944 2895 signaculo
961 2823 1102 2880 sanctae
1119 2818 1244 2885 crucis.

115 2959 117 2964 ·
194 2915 309 2979 Etiam
333 2913 364 2976 si
394 2914 472 2996 quis
499 2912 604 2977 alium
632 2914 810 2997 antiquum
839 2915 962 2978 librum
992 2916 1027 2979 in
1058 2917 1244 2999 propatulo

193 3015 385 3098 protulerit,
401 3033 463 3078 nec
489 3013 554 3077 sibi
580 3034 643 3077 nec
673 3014 750 3077 aliis
779 3015 948 3097 proficiat,
969 3015 1029 3079 se'd
1056 3017 1091 3079 in
1116 3018 1244 3101 sempi-

193 3123 290 3179 terno
316 3113 461 3196 graphio
489 3113 656 3190 deleatur,
679 3122 714 3178 et
741 3134 819 3178 cum
846 3115 948 3179 iustis
975 3135 1043 3180 non
1070 3117 1244 3183 scribatur

194 3235 257 3279 nec
293 3215 465 3279 audiatur.
534 3212 693 3297 Denique
727 3233 811 3279 uero
850 3215 880 3279 si
916 3216 1005 3298 quis,
1035 3217 1134 3281 nobis
1173 3239 1243 3285 non

193 3315 404 3391 obtantibus,
433 3321 587 3378 nostrum
612 3314 677 3379 boc
707 3313 833 3379 donum
861 3315 985 3379 uiolari
1007 3315 1246 3384 fraudulenter

192 3415 421 3498 perpetrando
441 3415 663 3491 consenserit,
681 3414 873 3479 consideret
892 3416 971 3479 hinc
988 3435 1025 3480 se
1041 3416 1096 3480 die
1118 3417 1245 3486 ultima

191 3515 308 3580 iudicii
339 3535 454 3579 coram
481 3514 545 3578 doo
578 3516 745 3579 rationem
775 3514 998 3592 redditurum,
1027 3523 1131 3600 atque
1164 3539 1244 3586 cum

193 3616 347 3698 reprobis
371 3616 496 3696 quibus
518 3613 654 3692 dicitur,
671 3620 681 3650 ‘
699 3615 875 3679 Discedite
898 3635 920 3680 a
936 3636 990 3680 me
1006 3617 1181 3684 maledicti
1205 3621 1242 3686 iu

192 3718 305 3798 ignem
324 3714 525 3792 aeteruum,'
540 3715 660 3796 poenis
686 3715 860 3779 atrocibus
886 3735 924 3779 se
950 3736 1025 3781 esso
1047 3736 1243 3802 passurum,

192 3818 221 3880 si
258 3837 325 3880 non
364 3823 466 3879 antea
505 3833 669 3898 corporea
708 3815 954 3882 lamentatione
994 3819 1242 3890 emendauerit.

192 3916 277 3981 Istis
317 3916 471 3980 terminis
514 3915 691 3997 praedicta
737 3922 832 3980 terra
871 3917 1124 4002 circumgyrato
1165 3940 1244 3988 esse

192 4016 340 4080 uidetur.
392 4015 457 4081 Dis
481 4017 566 4099 synd
590 4021 653 4080 bes
680 4015 801 4081 landes
832 4006 983 4098 gemaero
1009 4027 1055 4084 aet
1074 4009 1245 4086 Lechfim-

193 4108 303 4181 stede.
354 4116 476 4180 AErest
498 4136 544 4180 on
568 4116 654 4179 dene
678 4117 749 4198 pit;
789 4115 829 4181 of
845 4103 927 4182 tiam
957 4124 1056 4202 pytte
1084 4138 1128 4183 ou
1150 4125 1244 4198 bone
