2888 4890
189 366 233 429 54
449 383 621 430 curario
643 382 983 431 rucnosnxourcrn.

192 541 282 615 ham,
300 559 378 602 cum
393 558 562 603 consensu
578 544 612 601 et
628 537 768 601 licentia
780 536 878 600 Offae
895 538 988 618 regis
1000 535 1252 619 Anglorum,in

192 639 269 703 loco
300 640 359 721 qui
388 639 513 702 dicitur
540 636 828 718 CealtborgsteaL
845 636 889 699 ad
916 637 1116 701 aecclesiam
1139 637 1252 700 sancti

194 737 353 802 Andreae
376 757 465 820 quae
486 738 555 801 sita
570 743 623 800 est
644 737 680 799 in
704 743 797 800 terra
817 755 906 818 quae
929 744 1074 800 uocatur
1092 737 1250 818 Ferring.

196 838 297 901 Haec
321 845 437 902 autem
459 838 549 900 silua
570 837 672 900 certis
694 836 818 899 finibus
839 837 1060 911 terminatur;
1096 837 1132 899 in
1159 837 1253 901 occi·

195 938 325 1002 dentali
352 939 465 1021 plaga,
485 938 586 1001 iuxta
608 937 818 1018 superiorem
845 936 938 999 uiam
965 955 1054 1018 quae
1080 936 1190 1000 currit
1207 937 1252 1000 ab

197 1038 342 1102 australi
369 1046 467 1120 parte
493 1036 671 1119 usquead
699 1035 987 1118 septentrionem
1021 1042 1056 1099 et
1079 1036 1115 1099 in
1140 1036 1254 1099 altera

197 1144 296 1221 parte
338 1138 374 1202 in
412 1138 557 1200 circuitu
595 1135 812 1217 campestria.
882 1133 952 1213 Qui
989 1135 1079 1199 hanc
1106 1154 1252 1217 paruam

197 1238 392 1301 donationis
419 1236 685 1299 munificentiam
712 1253 840 1316 augere
861 1240 897 1298 et
922 1235 1133 1316 amplificare
1155 1235 1256 1299 uolu-

196 1338 273 1413 erit,
292 1343 419 1419 augeat
435 1337 518 1399 deus
534 1342 669 1418 partem
690 1334 763 1397 eius
781 1336 816 1398 in
832 1334 919 1398 libro
943 1334 1047 1398 uitae.
1103 1334 1140 1397 Si
1156 1354 1253 1411 uero,

198 1436 289 1519 quod
315 1436 418 1512 absit,
443 1436 569 1518 aliquis
592 1434 774 1518 tyrannica
799 1433 908 1497 fretus
934 1440 1119 1516 potestate,
1145 1441 1255 1498 teme·

198 1537 288 1599 rarie
303 1544 419 1599 tenere
438 1542 499 1598 aut
516 1534 671 1598 minuere
687 1532 847 1609 uoluerit,
862 1533 950 1597 sciat
966 1553 1004 1596 se
1020 1535 1057 1597 in
1074 1534 1254 1598 tremendo

197 1635 367 1700 examinis
399 1635 529 1698 iudicio
559 1633 768 1698 horribiliter
795 1632 944 1696 incidere
979 1633 1016 1696 in
1049 1653 1171 1697 manus
1199 1633 1281 1705 dei¹

197 1734 358 1800 uiuentis.
415 1735 461 1798 Et
485 1734 570 1798 haec
599 1741 678 1797 acta
704 1734 845 1797 suntin
872 1739 989 1796 monte
1017 1734 1077 1816 qui
1108 1740 1256 1798 uocatur

198 1833 503 1911 Biohchandoune,
516 1853 607 1898 anno
622 1834 868 1897 incarnationis
880 1833 1008 1897 domini
1027 1834 1135 1897 nostri
1148 1833 1254 1896 Ihesu

200 1933 329 1998 Christi
344 1929 549 2017 ,occ.x[c]1.
567 1934 699 1997 cunctis
717 1933 986 2015 astipulantibus
1005 1940 1039 1996 et
1053 1933 1257 1997 confirman-

197 2034 291 2097 tibus
307 2036 492 2098 nominatis
511 2040 616 2116 atquc
630 2032 719 2097 infra
736 2033 926 2115 descriptis.

250 2133 326 2215 Ego
345 2134 504 2211 Ealdwlf,
529 2135 589 2216 qui
610 2134 748 2210 donaui,
771 2134 920 2216 primum
950 2133 1088 2214 signum
1111 2137 1256 2195 sanctae

198 2234 309 2296 crucis
336 2235 490 2316 expressi
515 2236 569 2316 »1«.
623 2234 699 2316 Ego
718 2232 893 2296 Eadelwlf
912 2233 1089 2297 consentio
1117 2239 1152 2295 et
1174 2232 1256 2294 sub-

196 2333 308 2396 scribo
328 2335 381 2415 »1«.

650 2548 804 2614 MXVI.

208 2680 212 2686 ’
317 2690 598 2756 EALDWULF
622 2691 686 2755 OF
712 2691 912 2768 SUSSEX,
939 2691 1046 2754 about
1061 2689 1138 2754 791.

265 2836 303 2913 ›1‹
336 2832 380 2896 Iu
408 2833 545 2895 nomine
570 2832 697 2897 domini
725 2833 835 2896 nostri
859 2832 963 2896 ihesu
983 2830 1131 2895 Christi!
1179 2829 1258 2893 Nos

200 2932 337 3014 quidem
363 2933 553 3013 praesentis
585 2932 679 2996 uitae
713 2934 878 2996 caducam
907 2932 1118 2995 celeritatem
1143 2931 1257 2993 consi-

200 3031 372 3107 derantes,
406 3031 535 3096 idcirco
574 3032 758 3114 unicuique
801 3034 937 3096 intenta
978 3031 1103 3094 mentis
1141 3031 1257 3112 proui-

201 3131 318 3194 dentia
344 3132 564 3211 cogitandum
599 3139 652 3195 est
690 3138 729 3195 ut
762 3130 891 3214 aliquid
926 3150 989 3214 pro
1020 3130 1257 3212 redemptione

202 3231 337 3294 animae
366 3250 449 3294 suae
478 3238 562 3312 agat
593 3230 757 3313 quamdiu
788 3233 917 3294 uixerit
944 3231 978 3294 in
1011 3230 1077 3293 hoc
1104 3229 1256 3293 saeculo.

203 3329 425 3411 Quapropter
449 3350 514 3412 ego
530 3329 703 3395 Aldwlfus
726 3331 797 3393 dux
817 3331 1084 3394 Sub-Saxonum
1104 3328 1256 3410 aliquam

201 3437 334 3511 partem
371 3436 483 3493 terrac
512 3431 598 3494 iuris
624 3431 703 3506 mei,
734 3450 810 3493 cum
844 3449 1013 3493 consensu
1053 3435 1088 3492 et
1115 3429 1257 3491 licentia

201 3529 331 3591 domini
369 3529 435 3592 mei
468 3529 567 3594 Offae
601 3531 693 3611 regis
722 3530 945 3606 Merciorum,
976 3529 1019 3592 ad
1052 3527 1256 3592 aecclesiam

202 3629 312 3693 saneti
339 3627 435 3693 Petri
469 3649 559 3713 quae
595 3630 664 3694 sita
695 3637 748 3694 est
778 3631 815 3693 in
842 3628 1029 3693 uenerabili
1062 3628 1138 3691 loco
1166 3647 1257 3710 quae

202 3729 326 3792 dicitur
358 3728 497 3812 Selesey
520 3730 640 3794 libenti
669 3731 784 3793 animo
817 3729 1007 3794 concedens
1033 3727 1181 3804 donabo,
1220 3727 1255 3790 id

201 3837 264 3906 est,
292 3841 418 3892 terram
449 3830 550 3893 trium
579 3830 852 3906 tributariorum,
883 3823 1142 3904 FirolalandeS,¹
1169 3846 1256 3909 qua·

201 3929 294 3992 tinus
343 3929 562 4011 appellantur
615 3928 681 3992 hiis
725 3930 930 4005 nominihus,
959 3925 1256 4010 Peartingawyrb,

200 4028 496 4111 Wealingawyrb,
513 4049 591 4094 cum
618 4030 775 4092 omnibus
803 4030 944 4092 adeam
968 4027 1043 4091 iure
1065 4028 1256 4110 pertinent-

540 4154 546 4183 ¹
564 4158 607 4206 Sic
624 4157 682 4206 MS.
692 4157 730 4207 for
741 4159 916 4219 firgenlandes.
