2888 4890
454 387 626 435 curaris
649 387 995 436 Aucoosrxourcnn.
1186 369 1251 436 129

197 543 572 627 quodquisnostrum
598 545 728 609 diutius
755 545 862 609 uitam
889 547 1034 620 uiueret,
1060 546 1152 627 quod
1175 565 1248 627 ipsc

198 643 341 707 alterius
363 651 474 709 terras
495 646 698 728 possideret,
721 652 756 709 et
778 645 942 721 dominia,
965 654 1000 710 ct
1022 647 1137 709 omnia
1158 665 1247 728 quae

197 743 251 805 sui
268 751 379 822 erant,
394 751 531 826 practer
547 745 642 809 illam
660 753 792 826 partem
809 765 911 826 quam
927 752 1071 827 uterque
1092 754 1246 809 nostrum

196 840 277 906 filiis
292 843 435 909 alterins
450 845 594 927 legauit.
639 844 684 908 Et
700 845 730 907 si
746 845 926 927 contingat
944 845 1036 927 quod
1054 845 1247 910 AE’oeredus

196 961 258 1005 rex
284 944 378 1008 uiam
404 945 584 1009 uniuersae
606 945 719 1008 carnis
747 944 850 1009 fuerit
872 945 1061 1026 ingressus,
1084 965 1129 1009 ex
1151 952 1245 1021 tunc,
1306 964 1309 969 ·

196 1051 336 1122 praeter
351 1064 418 1122 me,
433 1064 501 1109 non
518 1046 665 1127 estquis
683 1045 742 1126 qui
760 1063 865 1128 super
880 1045 1124 1109 haereditatem
1140 1047 1248 1128 scrip-

198 1148 311 1206 turam
337 1143 463 1209 habeat
487 1144 543 1209 uel
568 1145 812 1221 testimonium,
838 1164 900 1208 nec
926 1145 1018 1226 quod
1045 1145 1091 1208 sit
1120 1143 1249 1231 aliquis

196 1242 286 1306 alius
308 1243 441 1322 haeres,
456 1248 593 1327 praeter
608 1264 682 1322 me;
706 1243 798 1327 quod
814 1244 843 1307 si
859 1245 984 1327 aliquis
1000 1243 1245 1309 haereditatem

196 1343 407 1424 praedictam
431 1344 688 1422 acclamauerit,
713 1345 769 1408 ius
791 1363 892 1407 suum
914 1344 1033 1426 perdet
1055 1345 1121 1406 nisi
1143 1345 1249 1408 citius

196 1441 240 1506 de
262 1442 328 1508 hoc
348 1451 455 1509 testes
480 1445 641 1508 adducat.
695 1445 740 1507 Et
762 1450 845 1508 tunc
871 1444 989 1507 audiui
1012 1444 1102 1526 quod
1127 1463 1245 1508 omnes

195 1544 335 1624 cognati
354 1546 423 1608 mei
443 1545 480 1608 in
501 1564 658 1627 soporem
681 1544 802 1608 mortis
826 1543 968 1607 resoluti
995 1550 1118 1618 erant3
1143 1553 1177 1608 et
1194 1546 1248 1609 ita·

195 1641 390 1709 haereditas
408 1644 607 1710 AElielwulfi
625 1645 716 1725 regis
734 1643 844 1726 patris
861 1645 927 1707 mei
944 1644 988 1707 ad
1006 1663 1060 1707 me
1082 1632 1245 1730 deuoluta

195 1750 250 1806 ost
278 1764 340 1826 per
368 1743 522 1809 chartam
546 1743 626 1808 inde
658 1744 861 1821 confectam,
889 1743 925 1806 in
952 1744 1096 1808 concilio
1124 1753 1244 1810 nostro

193 1843 348 1923 generali
363 1844 455 1926 apu'd
473 1844 680 1925 Langdene3
698 1864 802 1926 quam
818 1843 954 1925 quidem
971 1843 1125 1908 chartam
1137 1845 1244 1908 libere

195 1942 309 2024 legere
339 1943 425 2008 iussi
460 1964 575 2009 coram
607 1945 754 2008 testibus
785 1944 891 2008 totius
920 1943 1023 2007 Wost
1058 1944 1242 2010 Saxoniae.

196 2041 347 2120 Quando
368 2062 452 2109 uero
469 2044 598 2108 relecta
616 2043 728 2108 fuerat
746 2051 829 2107 tunc
846 2043 1007 2107 mandaui
1028 2043 1107 2106 illos
1125 2064 1243 2108 omnes

195 2142 256 2225 qui
278 2144 434 2222 aderant,
456 2151 492 2208 et
515 2145 734 2208 securitatem
757 2143 840 2207 mihi
857 2144 968 2206 facere
994 2143 1154 2225 praecepi
1181 2165 1243 2225 pro

192 2261 271 2306 meo
285 2245 421 2321 amore,
436 2245 467 2307 si
489 2263 641 2325 unquam
665 2244 809 2307 audient
825 2243 867 2307 de
887 2243 1003 2326 aliquo
1026 2242 1081 2306 uel
1097 2263 1243 2324 cognos-

193 2343 311 2409 cerent
331 2345 391 2427 qui
418 2344 461 2408 dc
484 2343 694 2408 haereditate
716 2364 793 2408 mea
817 2342 956 2425 aliquod
976 2343 1030 2406 ius
1053 2343 1244 2408 acclamare

192 2442 284 2508 iusta
310 2450 428 2527 posset
447 2445 539 2527 quod
561 2463 737 2526 nunquam
759 2443 802 2507 ad
828 2463 941 2528 meum
963 2443 1245 2507 auditum‘antea

194 2545 363 2624 peruenit.
433 2543 478 2608 Et
492 2545 629 2608 'iterum
659 2544 796 2607 locutus
825 2562 900 2606 sum
927 2543 970 2606 ad
999 2562 1058 2606 eos
1091 2544 1126 2606 in
1159 2543 1242 2608 haec

190 2642 298 2707 uerba
310 2643 469 2727 :-·Rogo
490 2664 555 2708 nos
572 2643 785 2707 dilectissimi
811 2642 903 2725 quod
926 2662 1026 2706 nemo
1044 2663 1107 2725 pro
1125 2661 1243 2731 amore

193 2743 259 2806 aut
270 2742 350 2807 odio
364 2743 432 2808 mei
450 2751 569 2827 parcat
584 2745 766 2808 ueritatem
783 2743 1004 2818 annunciare,
1018 2742 1077 2805 sed
1096 2762 1242 2807 summo

192 2843 276 2925 pe're'
299 2844 494 2908 consentiat
515 2844 675 2922 ueritati3
699 2845 781 2925 quia
805 2862 883 2906 mea
907 2843 1070 2906 uoluntas
1093 2862 1162 2904 non
1189 2851 1242 2909 est

191 2942 343 3025 aliquem
360 2963 512 3008 meorum
536 2945 868 3024 consanguineorum
889 2943 924 3006 in
941 2942 1058 3024 aliquo
1075 2941 1241 3006 dishaeri·

191 3044 279 3107 tare.
332 3042 379 3107 Et
408 3049 491 3108 tunc
521 3063 639 3106 omncs
669 3043 841 3125 principes
876 3050 911 3105 et
938 3044 1090 3106 seniores
1122 3043 1241 3127 populi

191 3142 259 3206 mei
272 3143 337 3206 'snb
354 3142 454 3207 firma
470 3144 692 3207 attestatione
712 3143 874 3207 dixerunt
891 3141 982 3224 quod
1005 3161 1179 3224 nunquam
1198 3143 1241 3206 ad

190 3261 252 3307 eos
282 3241 421 3307 deuenit
447 3243 572 3308 notitia
599 3244 641 3306 de
665 3242 782 3325 aliquo
813 3242 871 3324 qui
896 3241 1072 3305 iustiorem
1100 3241 1263 3306 haberet·

191 3341 459 3427 titulnm'qnain
481 3362 559 3424 ego,
582 3362 645 3406 nec
671 3343 824 3423 cogitare
847 3348 1017 3405 nonerunt
1043 3341 1086 3403 de
1112 3341 1241 3424 aliquo,

191 3460 304 3525 neque
320 3441 356 3511 in
371 3442 551 3525 scripturis
568 3443 722 3506 inuenire
738 3449 946 3523 potuerunt3
965 3447 999 3504 et
1021 3440 1057 3503 in·
1080 3442 1241 3505 seisinam

191 3558 288 3606 meae
314 3541 536 3606 haereditatis
553 3562 608 3606 me
629 3543 754 3606 iterum
771 3542 985 3623 imponentes
1007 3539 1240 3605 dixerunt:—

191 3640 283 3704 Ecce
299 3640 369 3705 iam
384 3641 493 3706 habes
515 3651 609 3706 tuam
629 3641 873 3705 haereditatem
892 3641 1015 3704 iterum
1033 3639 1068 3702 in
1085 3641 1242 3705 manibus

191 3740 281 3815 tuis3
305 3761 397 3806 nunc
413 3742 456 3805 de
473 3742 571 3806 bonis
588 3748 623 3804 et
639 3741 913 3823 possessionibus
931 3740 1039 3804 conde
1057 3745 1242 3803 testamen.

190 3846 264 3903 tum
278 3842 397 3922 tnuin3
420 3842 499 3923 lega
514 3850 549 3906 et
562 3841 653 3904 dona
668 3849 728 3904 tuo
743 3841 901 3922 proximo
915 3839 1073 3920 sanguini
1088 3838 1144 3901 uel
1155 3842 1240 3904 ami-

190 3939 240 4003 cis
258 3941 328 4004 tuis
346 3942 565 4023 et'cognatiS,
582 3941 749 4004 sicuttibi
769 3940 947 4022 placuerit.
994 3939 1039 4001 Et
1056 3958 1172 4002 omncs
1190 3940 1241 4003 illi

191 4039 387 4104 firmitatem
409 4041 669 4105 irreuocabilcm
690 4039 772 4103 mihi
795 4040 961 4114 fecerunt,
980 4047 1014 4102 et
1032 4040 1241 4121 subscripse-

188 4142 280 4218 runt,
294 4141 389 4222 ipsos
406 4160 581 4224 nunquam
600 4140 846 4205 haereditatem
864 4160 975 4205 meam
990 4138 1093 4203 alicui
1111 4133 1240 4204 homini

237 4256 325 4306 rou.
344 4257 379 4304 v.
1068 4256 1091 4302 K
