2888 4890
373 369 545 416 cureris
568 369 914 420 nuenosnxomcnu.
1095 359 1161 422 307

107 529 219 585 mater
234 528 312 587 cum
327 524 442 606 sigillo
458 533 601 589 sanctae
623 528 734 591 crucis
749 526 961 590 confirmaui.
1017 528 1060 612 »Β
1082 528 1157 609 Ego

107 620 185 684 Oda
203 623 479 688 Dorobornensis
501 625 688 690 aecclesiae
710 626 988 709 archiepiscopus
1004 628 1156 690 eiusdem

106 720 198 802 regis
214 723 445 806 principatum
463 733 499 789 et
516 725 783 790 beniuolentiam
799 727 863 790 sub
881 726 998 806 sigillo
1015 734 1157 791 sanctae

106 821 217 885 crucis
237 822 401 887 conclusi.
459 826 498 905 ›1‹
518 824 594 906 Ego
610 824 828 889 Wulfstanus
852 825 997 890 archons
1019 826 1156 890 diuinae

107 922 286 986 seruitutis
308 921 420 987 officio
436 925 653 1007 mancipatus
676 924 853 990 Eboracae
875 925 1028 990 ciuitatis
1044 926 1157 989 archi·

106 1019 289 1103 episcopus
312 1021 465 1104 sigillum
488 1036 629 1087 sanctae
655 1024 766 1088 crucis
789 1024 958 1107 impressi.
1015 1027 1054 1107 ›1‹
1077 1024 1154 1106 Ego

105 1120 264 1184 Deodred
288 1121 541 1186 Lundoniensis
568 1123 755 1188 aecclesiae
781 1124 964 1207 episcopus
993 1125 1154 1188 corrobo-

104 1219 192 1284 raui.
249 1223 288 1303 ›1‹
312 1222 388 1301 Ego
413 1222 580 1286 AElfheab
597 1222 847 1288 Wintoniensis
869 1223 1057 1287 aecclesiae
1082 1224 1153 1305 epi·

105 1337 231 1401 scopus
246 1320 453 1384 testudinem
476 1329 619 1386 sanctae
638 1323 750 1386 crucis
772 1322 960 1405 subscripsi
977 1329 1012 1386 et
1029 1323 1154 1387 confir-

105 1419 209 1482 maui.
266 1422 305 1502 ›1‹
323 1420 399 1501 Ego
418 1420 581 1485 Cenwald
598 1422 780 1504 episcopus
796 1423 966 1487 consensi.
1021 1425 1060 1504 ›1‹
1080 1422 1155 1503 Ego

107 1517 230 1582 AElfric
252 1520 435 1602 episcopus
459 1522 674 1602 consignaui.
731 1524 770 1604 ›1‹
792 1522 868 1603 Ego
891 1519 1056 1602 AEiielgar
1081 1524 1155 1604 epi·

104 1636 229 1699 scopus
263 1621 495 1685 corroboraui.
555 1623 594 1703 ›1‹
615 1621 692 1702 Ego
715 1620 849 1684 AElfred
871 1622 1054 1703 episcopus
1076 1641 1158 1685 con-

105 1715 252 1782 firmaui.
319 1720 358 1799 ›1‹
387 1721 462 1801 Ego
488 1719 660 1802 Wulfsige
685 1720 867 1803 episcopus
890 1720 1054 1785 conclusi.
1111 1723 1150 1803 ›1‹

106 1815 186 1897 Ego
208 1817 393 1883 AE’6elstan
414 1819 498 1884 dux.
555 1822 594 1902 ›1‹
617 1820 694 1902 Ego
722 1820 848 1884 Eadric
876 1820 959 1883 dux.
1018 1823 1057 1902 ›1‹
1081 1821 1157 1901 Ego

107 1914 286 1982 AEiielstau
315 1919 398 1982 dux.
473 1921 512 2000 ›1‹
550 1919 626 2002 Ego
660 1919 815 1983 Ealhelm
848 1920 932 1983 dux.
1004 1922 1043 2002 ›1‹
1079 1919 1156 1998 Ego

105 2016 314 2081 AEltelmund
328 2019 412 2083 dux.
468 2021 507 2101 ›1‹
528 2019 604 2101 Ego
621 2019 854 2101 AElfgardux.
911 2021 950 2101 ›1‹
970 2019 1045 2100 Ego
1063 2019 1154 2082 Ead-

104 2117 208 2181 mund
234 2119 399 2182 minister.
456 2122 495 2201 ›1‹
523 2119 599 2201 Ego
622 2119 774 2183 AElfstan
798 2118 962 2182 minister.
1012 2120 1051 2199 ›1‹
1079 2118 1154 2199 Ego

104 2215 254 2280 Wulfric
270 2217 437 2283 minister.
483 2221 523 2302 ›1‹
542 2220 618 2300 Ego
632 2220 780 2301 AElfsige
797 2219 963 2282 minister.
1019 2221 1059 2301 ›1‹
1078 2219 1155 2298 Ego

105 2315 253 2381 Wulfric
268 2317 434 2383 minister.
492 2322 531 2401 ›1‹
554 2319 630 2401 Ego
648 2319 772 2383 AElfric
789 2317 955 2382 minister.
1016 2321 1055 2401 ›1‹
1078 2319 1154 2399 Ego

105 2416 280 2481 AEttelnoit
297 2418 462 2482 minister.
510 2421 550 2504 ›1‹
569 2419 643 2502 Ego
661 2419 795 2483 AElfred
813 2418 978 2483 minister.
1023 2421 1062 2500 ›1‹
1077 2418 1154 2499 Ego

106 2515 281 2598 AEdelsige
297 2518 460 2582 minister.

154 2615 285 2681 Ruina.
332 2618 398 2684 Dis
413 2616 443 2682 is
455 2608 544 2683 ’dara
560 2636 609 2682 .x.
624 2611 715 2683 hidae
730 2609 797 2683 boc
813 2626 860 2682 aet
873 2617 1154 2700 Beorhtanwylle

102 2720 147 2778 tte
174 2707 311 2781 Eadred
334 2718 413 2800 cing
439 2711 615 2800 gebocode
638 2717 878 2785 AEiielwearde
903 2717 956 2781 his
980 2720 1087 2803 pegae
1109 2736 1153 2780 on

105 2806 166 2879 ece
182 2815 276 2900 yriae.

569 2912 688 2922 ———

541 3032 734 3098 MCLVII.

474 3159 692 3262 uinum),
718 3183 795 3248 947.

159 3318 198 3398 ›1‹
220 3314 265 3378 ΙΝ
284 3317 420 3380 nomine
437 3316 491 3379 dei
510 3316 633 3379 summi
650 3322 685 3379 et
703 3315 861 3380 altissimi
880 3315 985 3379 lhesu
1003 3313 1152 3379 Christi!

104 3414 337 3478 Subtilissima
363 3417 488 3480 mentis
515 3416 701 3479 certamine
729 3415 830 3478 deum
854 3434 956 3496 quem
980 3414 1154 3495 diligimus

104 3521 140 3578 et
172 3514 342 3578 credimus
374 3516 496 3579 intima
528 3515 653 3578 mentis
691 3513 871 3578 affectione
909 3515 1089 3578 timeamus
1119 3520 1154 3575 et

103 3632 269 3690 amemus,
283 3616 365 3696 quia
381 3615 573 3698 psalmista,
592 3614 650 3696 qui
669 3613 841 3695 quondam
860 3612 1013 3676 Sulliriris
1029 3629 1152 3692 regna·

102 3714 164 3777 bat
181 3713 277 3777 diues
298 3713 334 3777 in
357 3716 463 3790 aruis,
483 3712 758 3796 conquerelando
775 3733 815 3777 ac
833 3710 1046 3776 lamentabili
1067 3729 1152 3774 uoce

103 3813 154 3876 ita
177 3813 335 3894 protulit,
350 3814 480 3890 dicens,
495 3821 504 3849 ‘
519 3813 758 3889 Thesaurizat,
776 3820 811 3876 et
831 3812 970 3893 ignorat
992 3810 1048 3876 cui
1071 3830 1152 3876 con·

103 3921 226 3994 gregat
241 3914 306 3990 ea,'
322 3933 364 3978 eo
383 3914 474 3997 quod
497 3913 669 3977 interdum
690 3913 791 3996 [non]
815 3911 945 3994 optatis
962 3917 997 3974 et
1014 3910 1152 3993 saepius

103 4011 218 4077 exosis
250 4014 455 4096 relinquitur
478 4013 569 4096 quod
596 4013 691 4095 prius
719 4012 821 4076 homo
854 4032 914 4094 per
935 4008 1153 4075 ambitionem

104 4112 234 4176 saeculi
256 4114 475 4196 concupiuit;
500 4120 628 4189 tamen,
653 4110 884 4176 miserationis
907 4110 1152 4193 omnipotentis

968 4235 984 4269 x
998 4225 1013 4269 2
