2888 4890
460 358 632 406 cuanran
654 359 999 410 ancnosaxourcan.
1212 347 1257 410 63

645 608 826 673 Mxxu.

377 722 649 820 cornuum*
676 757 739 821 or
766 757 1076 835 munerasti.

255 897 293 974 ›1‹
314 892 423 959 Auno
454 897 644 962 dominicae
669 899 915 963 incarnationis
934 917 1120 965 ,ncc.xc11.
1176 902 1252 983 Ego

200 993 411 1059 Coenuulsus
430 1017 491 1060 rex
510 1005 636 1079 rogatu
652 999 859 1062 uenerabilis
877 1000 1126 1084 archiepiscopi
1142 1005 1252 1066 nostri

200 1093 376 1159 AEbelardi
400 1097 444 1162 do
466 1097 594 1162 uicario
612 1118 752 1162 munere
772 1105 900 1162 terram
919 1100 1098 1163 duodecim
1118 1109 1252 1166 aratro-

198 1214 274 1258 rum
292 1196 350 1259 ubi
365 1196 492 1262 dicitur
506 1197 673 1275 Tenham,
689 1199 733 1262 ad
749 1199 1049 1281 metropolitanam
1066 1201 1261 1268 saluatoris.

199 1296 411 1359 aecclesiam.
450 1296 555 1363 Hanc
570 1307 686 1362 autem
702 1299 969 1363 munificentiam
987 1301 1031 1364 ob
1048 1300 1082 1363 id
1100 1302 1251 1364 maxime

198 1395 303 1459 reddo
326 1397 409 1478 quia
437 1397 528 1461 idem
556 1399 845 1480 archiepiscopus
871 1402 986 1481 gratia
1013 1420 1250 1482 recompensa-

198 1494 313 1572 tionis,
331 1504 458 1560 terram
475 1498 654 1562 duodecim
676 1505 871 1563 aratrorum
893 1500 974 1562 mihi
995 1500 1090 1564 dedit
1114 1501 1149 1562 in
1172 1500 1247 1564 loco

200 1595 257 1658 ubi
271 1594 398 1660 dicitur
408 1597 723 1679 Craegesaeuuilma,
737 1619 841 1681 quam
854 1599 1015 1663 uidelicet
1030 1608 1156 1663 terram
1170 1599 1249 1663 offa

197 1714 260 1757 rex
275 1695 355 1758 olim
374 1696 468 1761 dedit
485 1698 620 1762 cuidam
638 1700 755 1762 comiti
772 1719 836 1763 suo
858 1700 995 1763 nomine
1011 1699 1091 1762 Usa.
1145 1699 1249 1764 Hanc

196 1795 314 1878 itaque
339 1796 558 1862 donationem
585 1818 697 1862 meam
728 1819 793 1881 ego
822 1819 883 1862 rex
906 1798 1072 1863 Cenulfus
1106 1799 1248 1864 liberam

197 1895 384 1960 aecclesiae
399 1897 528 1962 Christi
544 1899 694 1962 concedo
711 1901 755 1963 ab
769 1900 862 1962 omni
878 1897 1048 1962 saeculari
1064 1899 1248 1978 grauitate,

197 1997 353 2078 exceptis
382 1997 614 2079 expeditione,
648 2000 764 2079 pontis
800 2005 835 2062 ct
865 1999 954 2061 arcis
981 1999 1247 2063 constructione.

197 2094 293 2158 Huic
329 2096 507 2160 donationi
540 2105 679 2160 nostrae
710 2098 770 2179 qui
802 2099 942 2161 obuiare
979 2100 1249 2180 praesumpserit

195 2214 273 2257 cum
290 2195 409 2259 hoedis
426 2215 447 2260 a
463 2196 605 2260 sinistra
618 2196 748 2261 Christi
763 2198 799 2259 in
815 2197 870 2260 die
888 2198 1007 2261 iudicii
1023 2198 1229 2262 inueniatur.

619 2495 823 2560 Mxxrrr.

378 2615 648 2710 connuunr
677 2645 740 2708 or
764 2642 973 2719 Mancia,
998 2644 1073 2708 eor.

259 2795 297 2875 ›1‹
325 2791 434 2858 ANNo
468 2793 658 2859 dominicae
692 2778 942 2857 iucarnationis
976 2811 1113 2858 mucul.
1149 2799 1246 2878 regni

146 2916 149 2922 ·
191 2892 477 2977 ueroGoenulphi
495 2895 586 2976 regis
602 2893 812 2957 Merciorum
836 2913 928 2958 anno
949 2895 1082 2976 quinto,
1101 2903 1177 2960 orta
1192 2905 1246 2962 est

193 2993 310 3076 aliqua
331 2994 499 3058 dissensio
524 2995 613 3058 inter
636 2992 873 3076 Coenulphum
897 3000 933 3059 et
947 2994 1142 3059 We'dunum
1172 2998 1245 3079 epi-

192 3112 336 3176 scopum
353 3092 763 3158 Australium-Saxonum
788 3093 831 3156 de
848 3102 940 3157 terra
956 3094 1049 3158 illius
1076 3097 1244 3176 praedicti

116 3269 120 3275 ¹
192 3194 357 3277 episcopi,
387 3194 421 3257 id
454 3199 518 3268 est,
545 3194 581 3256 in
611 3193 750 3257 Denton
776 3210 879 3257 Ην.
932 3193 1082 3257 Dicebat
1115 3215 1178 3258 rex
1205 3205 1245 3260 ut

192 3294 321 3357 rectius
351 3294 522 3374 attingere
556 3292 695 3356 deberet
724 3292 768 3355 ad
799 3295 1045 3358 monasterium
1072 3293 1109 3356 iu
1132 3295 1244 3359 Bead-

192 3393 367 3474 yngham;
409 3392 546 3457 dicebat
583 3393 765 3475 episcopus
804 3393 896 3475 quod
934 3394 1007 3456 cius
1049 3401 1244 3459 antecesso-

192 3491 287 3556 ribus
310 3492 439 3556 dudum
461 3493 578 3556 datum
601 3492 716 3557 fuerat
736 3493 778 3556 ad
802 3492 1004 3557 aecclesiam
1022 3513 1111 3576 quae
1134 3495 1242 3558 estin

192 3590 367 3673 Selesegh.
415 3592 602 3674 Cogitabat
626 3613 689 3656 rex
717 3612 794 3656 eum
825 3594 862 3655 in
889 3592 1007 3676 aliqua
1031 3601 1130 3675 parte
1158 3613 1242 3658 suae

192 3690 416 3757 haereditatis
437 3692 633 3774 dispoliare,
649 3683 720 3755 'nisi
741 3693 922 3774 episcopus
942 3692 1139 3774 praedictae
1161 3713 1242 3774 pro·

192 3792 325 3856 uinciae
354 3793 493 3857 Wetiun
526 3810 603 3854 cum
636 3791 833 3855 testimonio
858 3811 899 3855 ac
926 3793 1041 3855 uerbis
1066 3793 1241 3856 canonicis

191 3911 307 3972 regem
335 3892 564 3973 resipisceret,
590 3911 631 3954 ac
656 3892 885 3973 perniciosam
910 3892 1166 3956 meditationem
1190 3912 1242 3954 re-

191 3991 280 4072 galis
326 3989 502 4074 potentiae
539 3990 726 4073 mitigaret,
758 3998 794 4055 et
831 3991 951 4054 humili
988 3990 1241 4073 supplicatione
1273 4053 1276 4059 ,
1306 3992 1312 4038 ’-

190 4091 348 4174 poposcit
379 4098 420 4154 ut
449 4110 527 4154 eum
556 4091 725 4155 insontem
753 4092 1038 4173 innocentemque
1065 4110 1132 4154 non
1161 4110 1242 4154 con-
