2888 4890
443 379 622 440 ,0111111110
644 377 987 428 anenosnxourcrs.
1180 361 1246 424 283

189 537 404 619 sapientibus
425 534 660 616 indagandum
691 540 755 611 est,
781 534 874 616 quod
904 533 1085 616 multiplici
1110 542 1255 617 pertun,

190 639 330 703 batione
366 635 511 700 diuersis
549 653 815 717 aerumpnamm
848 634 1078 699 saecularium
1109 634 1243 699 subtilis

191 737 358 819 cogitatio
383 736 531 800 bominis
554 754 599 800 ex
613 735 778 798 memoria
800 734 930 801 recedit
943 735 1038 799 dicta
1062 735 1120 799 uel
1140 735 1243 812 sacta,

192 837 259 901 uisi
287 836 394 901 firmis
422 836 615 900 litterarum
648 833 804 916 apicibus
834 843 870 897 et
901 833 1039 899 cautela
1065 834 1244 899 custodiae

193 944 423 1014 reserrentur,
445 942 481 1000 et
508 936 552 998 ad
582 934 783 998 memoriam
817 933 1080 1015 frequentatiuis
1114 955 1244 999 ammo-

193 1037 382 1101 nitionibus
407 1041 622 1110 reuocentur,
646 1053 687 1097 eo
713 1033 806 1115 quod
829 1035 1028 1115 contingere
1057 1035 1146 1100 solet
1171 1055 1244 1099 ma·

193 1143 295 1200 ncnte
317 1135 528 1217 negligentia
547 1132 712 1197 nubiferis
729 1133 980 1199 firscationibus
1002 1153 1024 1198 a
1048 1142 1142 1199 recto
1164 1153 1243 1217 pos·

194 1236 338 1300 sessoris
354 1236 430 1299 iure
445 1237 481 1299 in
495 1234 643 1298 alienam
654 1234 855 1315 progeniem
870 1234 1104 1301 declinauerit.
1151 1233 1248 1313 Qua-

193 1342 336 1419 propter
368 1352 434 1417 090
468 1333 694 1401 Eadmundus
731 1352 793 1397 rex
825 1333 1111 1416 Angligenarum
1132 1341 1246 1398 caete·

194 1454 382 1517 rarumque
404 1435 559 1517 gentium
587 1434 623 1497 in
647 1433 792 1498 circuitu
816 1435 1082 1516 persistentium,
1111 1435 1247 1498 cuidam

195 1534 378 1616 religiosae
402 1534 570 1599 foeminae
598 1533 771 1598 uocitatae
791 1535 928 1597 nomine
945 1533 1140 1611 AEtfswise,
1169 1553 1247 1598 con·

196 1635 422 1705 sentientibus
464 1634 680 1699 heroicorum
722 1652 876 1697 meorum
914 1635 1047 1710 turmis,
1084 1634 1248 1715 exiguam

195 1734 345 1799 numinis
372 1733 440 1799 mci
465 1740 611 1816 partem,
631 1733 666 1797 id
684 1732 777 1815 quod
803 1739 857 1796 est
881 1739 994 1797 terrae
1018 1751 1091 1798 .xv.
1108 1753 1248 1798 mansas

196 1834 277 1899 stilo
293 1833 459 1916 perhenni
480 1840 654 1898 aeternam
679 1833 715 1896 in
738 1833 988 1915 possessionem
1003 1833 1068 1916 ipsi
1087 1835 1249 1912 concedo,

198 1934 319 1999 eodem
346 1935 382 1996 in
409 1933 486 1998 loco
515 1933 574 2014 qui
610 1933 795 1996 rusticanis
823 1933 1003 1996 uocabulis
1030 1941 1251 2016 nuncupatur

199 2043 246 2099 aet
261 2034 421 2110 Clearan,
435 2040 475 2096 ut
495 2039 623 2097 terram
645 2038 908 2114 suprataxatam
927 2033 1020 2097 uitae
1041 2052 1125 2097 suae
1147 2052 1250 2097 cursu

199 2133 367 2199 foeliciter
401 2132 599 2214 possideat;
638 2131 745 2212 igitur
782 2133 980 2199 imminente
1016 2132 1251 2197 dissolutionis

199 2252 285 2303 suae
300 2232 388 2297 calle
408 2232 564 2314 corporis
584 2237 621 2295 ct
643 2231 788 2308 animae,
810 2250 1046 2297 successorum
1064 2233 1133 2298 sibi
1154 2252 1250 2298 caro·

201 2354 278 2397 rum
295 2333 351 2399 cui
365 2351 404 2396 se
420 2331 559 2396 libuerit
575 2331 681 2394 menti
702 2330 809 2397 libero
825 2332 916 2397 dono
935 2333 1105 2414 largiatur
1121 2341 1156 2398 et
1171 2334 1251 2416 ipsi.

203 2433 548 2515 Perpetuo-namque
576 2431 678 2494 huius
703 2433 897 2496 tramitibus
924 2434 1042 2498 mnudi
1067 2435 1131 2499 hoc
1159 2435 1251 2516 quod

203 2533 356 2598 concessi
372 2534 485 2599 terrae
501 2537 751 2615 praenotatum,
768 2551 791 2596 a
807 2534 938 2599 cunctis
960 2533 1135 2599 laboribus
1159 2535 1253 2598 uitae

203 2632 400 2699 mortalium
433 2638 634 2713 permaneat
672 2631 880 2708 abdicatum,
915 2641 1052 2714 praeter
1085 2633 1122 2696 id
1160 2634 1253 2715 quod

204 2733 304 2801 uobis
329 2732 487 2797 omnibus
512 2731 658 2812 indigeri
681 2731 828 2808 uidetur,
851 2731 886 2794 id
911 2732 1059 2808 0011110,
1081 2733 1253 2796 exercitus

205 2832 347 2908 aditum,
365 2831 481 2915 pontis
497 2830 702 2909 aedificium,
717 2832 916 2899 munitionis
934 2831 1136 2914 castellique
1153 2833 1253 2896 euxi-

205 2931 526 3009 numismatum
545 2938 585 2995 Ι01
608 2950 670 3012 per
695 2932 811 2995 omnia
834 2951 923 3013 quae
944 2931 989 2995 ad
1007 2931 1152 2996 eundem
1174 2933 1255 2996 sub·

206 3034 297 3097 10010
319 3038 403 3097 sunt
429 3030 555 3105 locum,
582 3031 732 3113 pascuis,
761 3031 881 3113 pratis,
916 3030 1014 3097 siluis
1048 3039 1084 3096 et
1114 3033 1256 3113 campis,

207 3131 342 3213 magnis
362 3130 418 3196 uel
438 3130 598 3206 minimis,
613 3137 652 3194 ut
673 3138 792 3195 nostra
812 3132 882 3195 iam
905 3132 1077 3197 ueraciter
1099 3131 1257 3213 praefata

206 3232 442 3314 suprascripta
460 3238 518 3295 est
545 3231 581 3293 iu
611 3228 703 3294 linea
732 3231 872 3296 traditio
894 3233 987 3314 quod
1019 3233 1055 3296 in
1081 3239 1258 3296 aeternum

207 3332 371 3397 manebit.
407 3330 446 3396 Si
462 3330 584 3413 [quis],
601 3329 820 3396 daemonicae
834 3332 1105 3397 fermentationis
1118 3332 1258 3396 stimulo

207 3431 380 3507 incedens
394 3438 549 3495 nostrum
562 3432 735 3511 integrum
754 3438 790 3495 et
805 3432 1008 3497 inuiolatum
1025 3432 1152 3496 donum
1168 3431 1259 3495 frau-

208 3532 366 3596 dulenter
381 3530 565 3611 infringere
589 3531 797 3611 probauerit,
817 3532 953 3596 nouerit
974 3551 1011 3595 se
1033 3530 1258 3612 proculdubio

209 3653 287 3698 cnm
310 3629 415 3695 Anna
436 3637 471 3694 et
494 3628 630 3692 Zafirra
656 3629 930 3719 satellitibusque
959 3651 1076 3695 eorum
1101 3629 1260 3694 berebica

210 3731 340 3799 aeterni
373 3728 603 3794 anathematis
634 3749 771 3794 macera
796 3730 1051 3813 perforandum,
1076 3729 1142 3792 nisi
1165 3731 1259 3811 prius

210 3834 317 3915 digna
332 3830 567 3895 satisfactione
585 3831 766 3894 emendare
788 3830 948 3895 uoluerit.
1000 3830 1038 3893 Si
1054 3829 1131 3913 quis
1146 3836 1259 3893 autem

208 3935 341 3999 ditatus
358 3930 461 3994 fuerit
483 3929 645 4011 largitlua
658 3939 772 3995 mente
791 3930 883 4012 quod
900 3936 1138 4012 praenotatam
1155 3929 1261 3993 dona-

212 4035 340 4099 tionem
361 4029 572 4111 amplificare
594 4030 754 4107 uoluerit,
772 4029 818 4093 sit
832 4031 868 4093 in
888 4030 1059 4093 consortio
1075 4030 1262 4094 electorum

212 4134 268 4199 1101
291 4132 458 4214 gaudens,
489 4137 522 4195 et
549 4131 585 4193 111
612 4130 700 4195 libro
730 4130 824 4195 uitae
850 4136 930 4194 ante
958 4129 1109 4194 tribunal
1134 4130 1263 4195 domini
