2888 4890
446 365 619 414 cererin
641 363 988 414 ancnosnxomcnn.
1205 352 1257 425 77.-

190 523 305 587 tocius
330 522 507 589 christiani
538 523 659 608 populi
691 522 803 586 salute
833 521 973 587 Christo
1005 524 1101 588 inibi¹
1121 524 1248 589 denota

190 623 354 689 deseruit.
407 623 513 688 Hanc
533 623 661 707 quippe
688 622 844 688 tellurem
872 623 1091 688 fidelissimus
1108 625 1248 708 quidam

190 721 442 805 praefectorum
465 743 617 788 meorum
635 723 805 787 uocabulo
827 722 1076 804 Burhghardus
1094 725 1177 789 olim
1194 745 1247 790 me

192 824 343 887 donante
383 825 549 906 possedit,
585 823 646 888 sed
683 822 742 885 ille
774 824 992 905 postmodum
1028 825 1100 888 sine
1131 824 1249 890 liberis

192 922 375 987 defunctus
400 924 544 1003 eandem
566 931 694 988 terram
719 922 795 988 sine
821 922 1051 988 haereditaria
1076 926 1249 998 sententia

194 1023 330 1088 nemine
368 1024 435 1088 sibi
476 1024 662 1106 superstite
703 1023 874 1088 existente
910 1023 1105 1107 dereliquit,
1131 1026 1249 1108 sicque

193 1123 298 1187 tellus
312 1123 390 1206 ipsa
406 1143 485 1189 cum
507 1125 666 1188 omnibus
689 1121 815 1187 finibus
833 1123 919 1200 eius,
934 1124 1139 1206 optimatum
1155 1145 1250 1190 meo-

195 1243 272 1286 rum
286 1222 425 1287 decreto
440 1223 670 1301 adiudicante,
686 1223 802 1300 michi,
818 1223 878 1306 qui
891 1242 968 1286 eam
981 1232 1085 1289 antea
1099 1226 1249 1309 possedi,

196 1323 358 1388 restituta
374 1330 437 1389 est.
477 1323 553 1406 Ego
567 1333 683 1388 autem
700 1323 815 1388 leuaui
829 1323 947 1387 oculos
967 1342 1061 1387 meos
1079 1332 1113 1389 et
1128 1345 1252 1391 manus

196 1443 290 1487 meas
317 1424 364 1487 ad
389 1424 491 1488 deum
519 1424 707 1500 excelsum,
737 1430 926 1494 creatorem
955 1442 996 1488 ac
1018 1444 1251 1509 possessorem

196 1524 283 1588 coeli
310 1530 346 1588 et
377 1530 499 1600 terrae,
528 1530 563 1588 et
590 1543 720 1612 memor
745 1523 989 1587 beneficiorum
1025 1543 1114 1606 quae
1147 1527 1250 1591 michi

196 1624 296 1706 larga
318 1643 422 1688 manu
440 1623 592 1688 conferre
617 1623 781 1705 dignatus
799 1631 863 1700 est,
881 1623 1022 1688 eandem
1039 1630 1165 1690 terram
1189 1647 1252 1710 pro

197 1724 271 1788 eius
287 1744 403 1788 amore
426 1731 461 1788 et
483 1743 661 1806 promeae
679 1723 815 1787 animae
833 1724 1053 1807 omniumque
1073 1745 1252 1791 successo·

198 1828 273 1888 ruin
301 1811 454 1893 meorum
488 1830 628 1888 aeterna
645 1843 649 1847 ’
665 1823 901 1905 redemptione
933 1823 1111 1909 praedicto
1142 1828 1251 1892 ueteri

198 1925 408 1988 monasterio
423 1925 498 1987 iure
514 1932 681 2007 perpetuo
691 1922 932 2008 possidendam
947 1926 1112 1988 concessi.
1147 1926 1253 1993 Hane

198 2029 336 2108 quoque
369 2044 480 2095 meam
512 2024 745 2099 donationem,
771 2030 978 2106 suggerente
1010 2032 1045 2088 et
1074 2026 1252 2110 optinente

198 2125 399 2207 Wigoegno
412 2125 586 2208 episcopo,
599 2123 664 2188 hac
679 2122 875 2188 conditione
891 2124 1058 2188 roborans
1076 2125 1252 2204 confirmo,
1292 2179 1298 2188 .

199 2233 239 2290 ut
252 2219 369 2288 nullus
391 2223 621 2289 saecularium
643 2222 820 2287 hominum
836 2224 1029 2306 praelatam
1052 2232 1179 2288 terram
1196 2226 1252 2292 in·

200 2326 327 2390 undere
342 2328 553 2409 praesumat,
565 2342 628 2388 nec
640 2324 835 2388 adiacentes
851 2323 1002 2388 eiusdem
1014 2323 1149 2389 telluris
1159 2326 1254 2408 agel-

199 2426 288 2490 lulos
314 2424 550 2490 fraudulenter
575 2423 769 2488 inuadendo
799 2424 981 2508 subripiat,
1008 2423 1069 2490 sed
1096 2426 1250 2509 quandiu

199 2525 330 2590 saeculi
344 2525 555 2590 transeuntis
576 2524 690 2588 orbita
715 2523 869 2587 uoluitur
893 2524 940 2589 sit
960 2525 1037 2607 ipsa
1060 2525 1162 2589 tellus
1185 2528 1249 2591 sub

200 2626 352 2690 dominio
388 2624 517 2689 ueteris
546 2624 759 2700 monasterii,
776 2643 863 2699 ,cum
888 2625 1058 2688 montanis
1085 2644 1125 2688 ac
1155 2625 1253 2691 siluis

200 2726 378 2809 pratisque
392 2723 434 2790 ‘et
453 2725 583 2809 campis
600 2723 772 2788 adiunctis
795 2724 965 2800 omnibus,
981 2723 1084 2788 iuxta
1100 2727 1252 2808 antiqui·

199 2825 283 2893 tatis
308 2831 442 2889 statuta
469 2824 512 2888 ad
536 2844 613 2888 eam
630 2823 897 2909 pertinentibus3
926 2823 1038 2888 adhuc
1059 2826 1165 2889 etiam
1187 2846 1253 2908 ego

199 2925 377 3009 praefatus
398 2944 462 2989 rex
485 2928 613 3007 augere
643 2933 678 2989 et
702 2923 932 3007 multiplicare
949 2925 1068 2989 curaui
1096 2925 1254 2991 elemosi-

200 3046 280 3090 nam
296 3025 384 3089 hane
409 3045 472 3109 pro
488 3043 605 3089 amore
627 3023 682 3088 dei
704 3031 740 3090 et
760 3024 995 3107 apostolorum
1018 3024 1092 3088 eius
1106 3044 1252 3107 quorum

195 3126 340 3208 linguae
361 3125 479 3189 claues
501 3125 589 3189 coeli
610 3123 723 3188 factae
745 3131 839 3201 sunt,
856 3123 1003 3207 ideoque
1019 3130 1131 3189 terrae
1152 3146 1254 3208 prae-

200 3227 294 3292 fatae
324 3224 476 3290 omnium
509 3224 738 3289 saecularium
769 3223 1027 3305 grauitudinum
1059 3244 1192 3293 necnon
1218 3235 1253 3292 et

201 3327 353 3398 omnium
375 3326 411 3389 in
427 3324 562 3390 modico
577 3332 613 3389 et
633 3325 669 3388 in
688 3343 813 3406 magno
834 3324 1085 3389 mundanarum
1102 3327 1253 3390 seruitu-

197 3433 274 3492 tum
299 3427 493 3490 libertatem
520 3424 683 3500 concedo,
709 3431 856 3506 excepto
880 3424 973 3506 quod
1002 3425 1095 3489 omni
1121 3427 1251 3511 populo

189 3540 382 3591 'commune
413 3533 478 3604 est,
515 3524 735 3609 expeditione
772 3524 917 3602 scilicet,
947 3526 1063 3608 pontis
1097 3527 1254 3610 arcisque

200 3627 461 3695 restauratione.
513 3624 551 3689 Si
566 3625 645 3707 quis
661 3631 777 3689 autem
802 3624 893 3689 hanc
907 3624 1125 3690 donationem
1142 3645 1253 3690 meam

148 3714 150 3718 ¹
194 3737 329 3809 augere
342 3733 379 3791 et
392 3724 603 3810 amplificare
619 3725 777 3803 uoluerit,
792 3731 920 3808 augeat
937 3726 1153 3808 omnipotens
1169 3725 1255 3790 deus

201 3833 334 3912 partem
359 3825 453 3891 illius
473 3825 511 3889 in
535 3825 624 3889 libro
648 3825 763 3905 uitae3
797 3825 828 3889 si
846 3825 925 3907 quis
951 3844 1033 3888 uero
1057 3824 1257 3906 dempserit,

200 3927 289 3993 sciat
305 3945 344 3990 se
366 3924 622 4008 dampnandum
644 3926 681 3989 in
707 3924 885 3989 tremendo
909 3924 1078 4001 examine,
1094 3923 1197 3988 simul
1219 3933 1254 3990 et

201 4028 371 4098 rationem
382 4026 600 4097 ‚redditurum
613 4027 651 4089 in
663 4025 719 4089 die
731 4024 848 4089 iudicii
862 4043 977 4088 coram
994 4024 1058 4088 deo
1075 4029 1110 4088 et
1120 4025 1254 4106 angelis

201 4127 525 4213 traiecturumque
539 4126 694 4201 sanctis„
714 4123 766 4190 Hi
778 4131 861 4201 sunt
877 4124 1011 4190 termini
1029 4141 1255 4205 .xv.manen·
