2888 4890
455 369 630 418 cunnmu
655 368 1003 417 nucnosuxourcnn.
1210 349 1255 414 49

179 522 306 588 dictae
342 525 570 606 possessionis
609 525 829 607 priuilegium
868 524 1076 588 adsciuimus
1108 543 1253 606 quorum

189 625 333 688 nomina
350 631 385 688 et
402 644 569 708 personae
585 625 676 689 infra
693 632 869 690 notantur.

250 726 289 806 *l*-
321 724 397 806 Ego
425 724 605 789 cudredus
638 745 701 789 rex
734 725 893 807 propriae
927 725 1122 788 donationis
1156 743 1253 788 meae

192 823 464 888 munificentiam
491 825 591 906 signo
619 825 731 889 crucis
756 824 887 889 Christi
917 825 1123 889 confirmans
1152 826 1252 890 robo-

192 924 282 987 raui.
341 927 380 1007 ›1‹
397 925 474 1007 Ego
495 924 690 989 Hunlridus
716 925 772 989 dei
797 926 911 1008 gratia
931 925 1113 1007 episcopus
1130 944 1254 989 canon·

192 1021 244 1085 icc
267 1025 484 1089 consentiens
501 1025 700 1108 subscripsi.
756 1027 796 1107 »Β
819 1025 895 1107 Ego
911 1023 1123 1107 Cynibaldus
1146 1026 1253 1089 abbas

194 1141 360 1188 concessu

650 1391 801 1456 uvrn.

320 1536 530 1629 bsnuun
557 1564 622 1628 or
646 1564 846 1642 sussnx,
875 1561 969 1647 Aug.
984 1565 1018 1641 a,
1040 1564 1116 1628 res.

252 1725 296 1806 ›1‹
308 1722 353 1787 Iu
371 1723 505 1787 nomine
522 1723 652 1787 domini
670 1723 776 1786 Ihcsu
792 1722 921 1787 Christi
938 1723 1139 1787 saluatoris!
1169 1721 1255 1785 Esto

198 1824 296 1888 nobis
325 1823 462 1886 adiutor
485 1823 581 1900 dens,
608 1842 709 1905 quem
733 1824 914 1900 credimus,
942 1831 977 1887 et
1004 1824 1191 1904 diligimus,
1221 1827 1256 1886 et

197 1923 325 1987 scimus
354 1923 594 1987 retributorem
618 1942 760 2005 operum
781 1931 1000 1988 nostrorum:
1041 1924 1168 1987 idcirco
1192 1941 1257 2002 ego

199 2021 409 2099 Osmundus,
439 2029 583 2104 rogatus
612 2041 634 2086 a
661 2024 788 2088 comite
814 2043 890 2087 mco
915 2022 1092 2100 Walbere,
1121 2028 1160 2085 ut
1191 2020 1256 2083 sibi

199 2121 449 2205 aliquantulam
479 2128 606 2186 terram
635 2122 678 2186 ad
706 2122 971 2187 construendum
997 2124 1033 2186 in
1055 2142 1097 2186 ca
1123 2138 1257 2185 monas·

198 2222 324 2287 terium
345 2219 465 2303 largiri
484 2221 664 2304 dignarer;
693 2223 791 2286 cuius
815 2223 974 2304 precibus
992 2219 1257 2286 accommodans

198 2322 344 2387 eandem
362 2329 501 2398 terram,
517 2321 560 2385 de
575 2341 645 2404 qua
659 2341 844 2404 suggerere
860 2322 1054 2398 uidebatur,
1070 2341 1132 2402 pro
1151 2337 1259 2383 reme-

199 2423 255 2486 dio
274 2422 409 2486 animae
426 2439 522 2484 meae
541 2421 792 2504 imperpetuum
808 2421 954 2485 libenter
969 2420 1142 2502 impendo,
1154 2418 1189 2482 id
1206 2424 1259 2481 est

202 2538 281 2585 ‚xu.
300 2521 501 2585 tributarios
530 2528 642 2585 terrae
659 2541 748 2604 quae
773 2521 991 2603 appellantur
1005 2520 1162 2601 Ferring,
1179 2536 1258 2580 cum

200 2622 283 2686 totis
320 2621 365 2684 ad
405 2640 481 2684 eam
521 2621 773 2702 pertinentibus
813 2622 927 2697 rebus,
968 2620 1110 2702 campis,
1148 2616 1258 2694 siluis,

200 2722 321 2803 pratis,
347 2721 557 2796 fluminibus,
582 2721 745 2795 fontanis,
773 2728 809 2784 et
832 2720 992 2785 siluatica
1014 2719 1199 2800 Coponora
1223 2723 1259 2780 et

200 2819 401 2886 Titlesham.
455 2820 592 2902 Scripta
620 2828 674 2884 est
696 2820 782 2884 haec
808 2820 943 2884 cartula
964 2839 1055 2883 anno
1079 2820 1122 2883 ab
1145 2819 1258 2880 incar-

201 2921 341 2983 natione
379 2918 509 2984 domini
544 2937 723 2985 ,ncomxu
754 2920 942 2983 indictione
982 2920 1092 2996 tertia,
1133 2918 1259 2981 mensis

202 3019 353 3101 Augusti
371 3019 425 3083 die
443 3021 558 3084 tertio.

258 3121 297 3201 »Β
320 3119 397 3200 Ego
416 3119 616 3183 Osmundus
641 3117 730 3181 banc
758 3118 976 3182 donationem
999 3118 1140 3201 propria
1155 3136 1260 3180 manu

201 3219 399 3301 subscripsi.
465 3222 504 3302 »Β
526 3219 604 3299 Ego
621 3218 695 3282 Osa
722 3219 904 3300 episcopus
933 3219 1092 3285 consensi
1120 3226 1155 3282 et
1178 3217 1259 3280 sub·

202 3320 337 3402 scripsi,
353 3318 596 3385 etc—Testes
613 3319 648 3383 in
665 3319 785 3400 lingna
801 3315 1002 3385 Saronico.1

680 3624 797 3688 mlx.

424 3750 634 3837 osuuun
660 3772 725 3836 or
747 3772 947 3850 sussux,
969 3774 1044 3837 770.

260 3924 300 4005 ›1‹
324 3920 376 3986 Iu¹
394 3923 677 3991 nominedomini
705 3924 814 3988 nostri
838 3923 942 3986 Ihesu
958 3922 1108 3986 Christi!
1146 3920 1265 3985 Nichil

205 4022 385 4087 intulimus
410 4023 446 4086 in
472 4022 564 4088 bunc
596 4023 770 4098 mundum,
795 4031 1022 4087 ueruntamon
1047 4039 1110 4083 nec
1131 4019 1264 4083 anferre

668 4148 676 4178 ¹
694 4151 736 4200 Sic
744 4150 801 4201 MS.

257 4241 345 4289 ΤΟΜ.
359 4241 391 4287 V.
1094 4241 1115 4286 E
