2888 4890
446 364 618 415 enarras
644 363 993 413 snccesnxorucnn.
1206 347 1251 410 95

190 530 315 606 postca
329 543 393 607 per
406 540 526 587 omnes
544 521 730 588 aecclesias
747 522 1014 585 transmiserunt
1030 523 1067 585 in
1082 521 1155 586 suis
1168 539 1248 604 par·

191 624 331 701 rocbiis,
349 624 539 688 secundum
555 622 648 705 quod
667 622 880 704 praedictum
900 629 965 685 est.
1005 621 1116 685 Terra
1132 630 1248 687 autem

191 724 261 790 ista
277 743 384 806 quam
400 725 437 787 in
454 724 648 789 libertatem
667 741 836 805 ponamus
856 722 899 786 ad
916 720 1249 804 Meidunesburgen·

193 843 267 887 sem
288 824 492 888 aecclesiam
512 824 673 906 pertinet.
728 821 811 887 Daet
832 822 863 885 is
886 829 922 885 at
944 813 1139 887 Ellendi'mc
1160 825 1250 908 brity
1321 816 1324 821 ’

193 923 296 1013 hyde,
314 924 382 987 and
409 930 456 988 aet
471 911 729 987 Elmbr‘rmstede
755 914 890 1015 systene
920 914 1023 1014 hyde,
1040 929 1087 986 aet
1102 914 1250 988 thfine

195 1023 267 1087 tien
277 1016 382 1139 hyde,
392 1030 428 1088 et
438 1017 629 1088 Cherltr'rne
646 1022 782 1103 tuentig
794 1013 898 1114 hyde,
907 1028 942 1085 et
953 1020 1069 1106 Minty
1079 1013 1139 1086 uis
1147 1017 1250 1118 hyde,

196 1130 236 1188 at
252 1124 444 1188 Rodbnrne
463 1125 535 1189 tien
551 1115 653 1216 hyde.
715 1122 761 1185 Et
779 1122 839 1205 qui
855 1121 920 1186 hoc
942 1141 1070 1203 augere
1088 1124 1250 1202 uoluerit,

197 1231 325 1306 augeat
339 1224 425 1288 deus
439 1225 531 1288 bona
551 1223 644 1286 illius
659 1224 695 1286 in
711 1223 851 1304 regione
869 1223 1070 1287 uiuentium.
1122 1224 1159 1287 Si
1173 1225 1252 1307 quis

198 1331 315 1388 autem
339 1323 511 1388 diabolica
542 1321 662 1386 fraude
691 1322 857 1404 deceptus
887 1322 924 1385 in
956 1323 1091 1404 magnis
1125 1331 1187 1388 aut
1216 1324 1252 1387 iu

199 1423 342 1488 modicis
369 1423 434 1487 boc
456 1421 645 1504 infringere
671 1424 729 1486 uel
761 1422 913 1485 minuere
943 1424 1178 1506 temptauerit,
1206 1424 1253 1486 sit

198 1523 510 1588 anathematizatus
529 1523 574 1585 ab
592 1523 752 1586 omnibns
771 1521 930 1586 fidelibus
952 1521 1008 1587 bic
1028 1523 1116 1588 etin
1135 1522 1253 1587 futuro

199 1622 351 1700 saecule,
367 1623 434 1686 nisi
449 1628 553 1685 antea
569 1641 632 1705 per
644 1621 915 1686 satisfactionem
932 1622 1176 1688 emendauerit.

253 1725 293 1805 ›1‹
344 1722 421 1805 Ego
461 1721 632 1786 AEiielwli
679 1741 741 1785 rex
785 1721 945 1785 consensi
981 1730 1017 1787 et
1052 1723 1251 1806 subscripsi.

205 1824 245 1904 »1⁶
282 1823 359 1904 Ego
401 1821 561 1887 Elmstan
599 1822 781 1906 episcopus
819 1821 1019 1904 subscripsi.
1098 1823 1137 1903 ›1‹
1176 1823 1253 1905 Ego

201 1921 341 1986 AElstan
365 1922 549 2006 episcopus
571 1921 769 2004 subscripsi.
836 1923 875 2002 ›1‹
904 1920 980 2002 Ego
998 1919 1162 1986 AEtelwlf
1179 1923 1252 1987 dux

201 2023 398 2104 subscripsi.
467 2024 506 2104 ›1‹
528 2021 604 2103 Ego
630 2021 730 2085 Osric
754 2020 828 2084 dux
859 2021 1056 2105 subscripsi.
1113 2022 1253 2106 ›14Eg0

201 2121 344 2193 Eanwli
364 2122 435 2186 dux
463 2122 663 2204 subscripsi.
719 2120 858 2203 ›14Ego
887 2121 1041 2185 AEtielric
1071 2121 1143 2185 dux
1170 2124 1253 2186 sub-

199 2222 335 2304 scripsi.
402 2224 442 2304 *1⁴
474 2221 550 2304 Ego
574 2219 735 2285 Ceanwli
751 2220 823 2283 dux
850 2219 1048 2301 subscripsi.
1104 2223 1144 2303 ›1‹
1176 2221 1254 2304 Ego

201 2320 303 2385 Cearl
318 2321 394 2386 dux
413 2320 611 2404 subscripsi.
668 2321 707 2401 ›1‹
730 2319 806 2401 Ego
821 2318 1033 2384 AEselmund
1049 2320 1157 2384 abbas
1171 2322 1254 2385 sub-

201 2421 335 2504 scripsi.
392 2423 432 2503 ›1‹
463 2421 540 2502 Ego
565 2418 692 2485 Wlflaf
717 2420 824 2484 abbas
852 2419 1051 2502 subscripsi.
1108 2424 1148 2504 ›1‹
1177 2422 1255 2505 Ego

201 2520 400 2586 Beurhtelm
417 2522 524 2586 abbas
542 2518 742 2603 subscripsi.
798 2521 838 2601 ›1‹
856 2519 932 2601 Ego
947 2519 1125 2602 AEgbeard
1138 2522 1256 2586 minis-

201 2627 266 2685 ter.
334 2623 374 2703 *1⁴
409 2620 486 2702 Ego
520 2618 648 2683 Milred
674 2620 839 2682 minister.
908 2621 947 2701 ›1‹
986 2620 1062 2701 Ego
1098 2620 1253 2685 Osmund

201 2719 370 2785 minister.
426 2717 563 2801 »14Eg0
587 2719 683 2782 AElla
707 2719 873 2782 minister.
930 2720 968 2799 ›1‹
993 2721 1069 2800 Ego
1093 2720 1256 2786 Wlfhere

204 2820 372 2884 minister.
429 2821 469 2901 ⁵1⁴.
489 2818 567 2901 Ege
589 2819 744 2883 AElfstan
766 2818 932 2882 minister.
989 2821 1028 2901 ›1‹
1056 2819 1133 2902 Ego
1154 2820 1256 2885 ceol-

202 2919 309 2983 mund
325 2917 492 2983 minister.
537 2921 577 3001 ›1‹
598 2919 675 3002 Ego
693 2916 884 3002 Kyneheah
901 2918 1068 2984 minister.
1116 2922 1156 3002 ›1‹
1179 2916 1280 3002 Ego*

205 3018 399 3102 Kyneheab
412 3016 579 3082 minister.
619 3021 658 3101 ›1‹
679 3018 756 3100 Ego
768 3017 897 3081 Dudda
909 3019 1076 3084 minister.
1118 3022 1156 3101 ›1‹
1178 3020 1256 3102 Ego

203 3118 371 3184 AEiielred
413 3117 581 3183 minister.
674 3118 713 3197 ›1‹
762 3116 839 3199 Ego
884 3117 1047 3202 Wibtgar
1090 3120 1254 3185 minister.

207 3213 346 3301 ³11'Eg0
363 3217 499 3282 Eadred
515 3218 679 3281 minister.
733 3220 772 3299 ›1‹
794 3217 871 3298 Ego
889 3218 1073 3284 AEselbald
1088 3219 1255 3284 minister.

209 3321 248 3401 ›1‹
268 3318 347 3401 Ege
363 3318 502 3400 Lulling
514 3317 678 3381 minister.
729 3319 769 3399 ›1‹
789 3317 866 3398 Ego
883 3317 1072 3384 Cealmund
1089 3320 1256 3385 minister.

639 3612 832 3678 MXLIX.

378 3760 665 3830 AEDELUULF
688 3762 752 3826 OF
775 3761 993 3841 WESSEX‚
1015 3761 1091 3826 850.

259 3920 299 4000 ›1‹
329 3914 538 3981 Rnosrnrn
562 3915 815 3997 imperpetuum
844 3914 983 3978 domino
1009 3918 1127 3976 nostru
1153 3911 1259 3978 Ibesu

205 4017 357 4094 Christo,
378 4034 457 4079 cum
482 4015 582 4079 cuius
603 4015 748 4098 imperio
776 4015 831 4079 bic
852 4014 1001 4078 labentis
1023 4012 1153 4076 saeculi
1179 4035 1260 4097 pro-

205 4118 354 4201 speritas
368 4114 572 4180 inaduersis
585 4116 803 4182 successibus
818 4114 937 4179 sedulo
948 4113 1122 4196 permixta
1132 4120 1167 4178 et
1179 4134 1260 4180 con·
