2888 4890
254 352 276 416 8
518 367 692 416 curaris
714 366 1054 415 Anonosnxortrclu.

258 525 433 588 dimidiam
456 544 636 606 carucam;
659 527 694 589 in
715 525 870 588 Mustam
892 545 996 589 unam
1020 543 1178 587 curucam
1205 530 1241 587 et
1259 538 1311 587 .11.

259 627 418 702 bouatas‚
431 632 467 689 et
491 626 609 689 uillam
627 626 670 689 de
683 625 835 709 Durleby
849 645 927 689 curn
950 625 1116 689 aecclesia
1132 632 1166 688 et
1184 643 1313 706 appen-

260 726 357 789 diciis
390 733 425 789 et
445 725 564 789 uillam
591 726 633 790 de
657 725 835 808 Osgoteby
857 745 935 789 cum
960 727 1116 790 omnibus
1140 725 1313 808 pertinen-

260 826 322 889 ciis
348 825 431 902 suis,
459 832 494 890 et
510 825 669 892 Walcote
696 826 795 889 iuxta
818 824 1057 907 Trilringbam,
1087 831 1123 888 et
1154 824 1312 888 Breides·

259 923 376 1008 borpe,
399 925 535 1003 Bibule,
560 933 595 990 et
618 925 874 1008 Bermessorpe,
899 925 1104 1008 Manborpe,
1135 931 1171 988 et
1197 924 1312 989 Carlo-

251 1032 344 1100 -tun;
379 1032 413 1089 et
446 1024 736 1107 Quadaueringge
766 1026 801 1088 in
828 1025 1041 1109 Hoylandia,
1073 1045 1151 1090 cum
1180 1025 1312 1101 salinis,

263 1132 298 1189 et
320 1126 469 1207 pascuis
490 1134 524 1189 et
545 1127 704 1189 omnibus
728 1126 943 1208 pertinenciis
960 1126 1052 1206 suis3
1079 1126 1114 1188 irr
1134 1124 1312 1204 Hunting-

263 1224 488 1289 donneschira
509 1227 630 1289 uillam
645 1226 687 1289 de
705 1225 886 1289 Flettonne
903 1246 980 1289 cum
1002 1225 1170 1289 aecclesia
1187 1231 1221 1288 et
1240 1244 1315 1288 mo-

263 1325 422 1402 lendinis,
438 1332 473 1389 et
486 1325 605 1389 uillam
622 1326 665 1389 de
683 1324 881 1390 Ouertonne
899 1345 976 1388 cum
993 1325 1211 1407 pertinenciis
1229 1325 1313 1402 suis,

263 1432 299 1489 et
315 1425 435 1489 uillam
453 1425 495 1488 de
509 1423 749 1490 Alewaltonne
766 1445 843 1489 cum
856 1425 1033 1502 aecclesia,
1047 1433 1081 1489 et
1098 1424 1313 1502 molendinis,

263 1545 342 1589 cum
370 1526 552 1590 theoloneo
581 1526 732 1603 nauium,
750 1532 784 1589 et
811 1546 890 1589 cum
920 1527 1077 1589 omnibus
1105 1524 1314 1607 appendiciis

264 1626 356 1689 suis:
381 1633 567 1690 mercatum
591 1646 673 1689 uero
700 1626 735 1689 in
755 1625 1054 1690 Medeshamstede
1076 1625 1315 1689 constituimus

263 1725 450 1806 singulare,
484 1733 524 1789 ut
560 1726 692 1790 nullum
728 1726 821 1790 aliud
858 1726 1027 1790 habeatur
1062 1725 1151 1789 inter
1189 1723 1316 1788 Steun-

264 1825 359 1889 forde
375 1832 410 1889 et
426 1825 665 1907 Huntingdon,
677 1833 712 1890 et
727 1826 770 1889 ad
782 1826 872 1890 idem
886 1826 1007 1889 damus
1020 1825 1212 1906 ibidemque
1226 1824 1316 1889 solui

263 1924 419 1989 iubemus
435 1932 556 2003 totum,
579 1926 653 1990 sine
680 1926 752 1990 ulla
781 1926 1058 2003 contradictione,
1075 1924 1314 2004 theoloneum

265 2032 300 2089 et
323 2033 464 2108 propter
482 2027 581 2090 uaria
597 2027 693 2090 lucra
709 2026 936 2109 corporalium
953 2033 989 2090 et
1004 2025 1232 2108 spiritualium
1248 2026 1316 2088 uti-

264 2125 400 2189 litatum
428 2125 493 2189 boc
522 2132 710 2190 mercatum
739 2126 952 2190 decreuimus
985 2126 1056 2189 illic
1080 2125 1256 2201 celebrari,
1282 2133 1317 2190 et

264 2226 415 2308 undique
429 2226 499 2289 illic
516 2226 654 2308 requiri,
677 2226 838 2309 quatinus
863 2233 898 2290 et
920 2226 976 2290 dei
998 2226 1144 2289 ministri
1161 2226 1241 2289 inde
1257 2226 1317 2288 ad-

265 2326 424 2389 iuuentur
445 2326 681 2408 propinquius,
702 2333 737 2390 et
771 2346 793 2390 a
819 2333 1040 2390 concurrente
1070 2326 1200 2409 populo
1226 2326 1318 2390 inter

265 2431 402 2490 terrena
428 2427 622 2490 necessaria
653 2425 815 2490 coelestia
842 2432 1005 2508 petantur
1030 2426 1193 2503 subsidia,
1219 2426 1317 2489 dum-

265 2526 368 2590 modo
387 2527 570 2609 persancti
588 2526 684 2590 Petri
702 2526 857 2609 quaesita
880 2527 1084 2608 patrocinia,
1100 2533 1135 2589 et
1150 2546 1213 2608 per
1235 2526 1316 2590 mis·

265 2645 381 2689 sarum
409 2626 526 2690 audita
552 2626 715 2709 mysteria
742 2625 929 2690 secundum
950 2626 1064 2703 fidem,
1082 2628 1246 2709 cuiusque
1270 2627 1318 2690 ibi

266 2727 400 2808 possint
425 2726 545 2790 redimi
570 2727 781 2789 diuersarum
800 2725 1024 2790 offensionum
1047 2726 1171 2790 debita.
1225 2726 1318 2790 Con·

266 2826 417 2889 cedimus
447 2826 551 2888 etiam
588 2826 771 2907 praedictis
806 2826 922 2890 abbati
948 2833 983 2890 et
1016 2826 1193 2890 monachis
1225 2827 1318 2908 quod

266 2926 334 3007 ipsi
359 2924 509 2988 habeant
535 2924 690 2987 francum
719 2925 868 3008 plegium
900 2927 935 2989 in
973 2927 1129 2990 omnibus
1160 2925 1318 2990 dominiis

267 3026 338 3088 suis
364 3025 399 3087 in
420 3024 577 3088 custodia
595 3044 678 3103 sua3
702 3033 737 3088 et
755 3025 974 3107 probibemus
990 3045 1033 3090 ne
1050 3027 1174 3108 aliquis
1190 3026 1231 3089 de
1253 3026 1318 3091 boc

268 3144 305 3188 se
338 3124 542 3188 intromittat
569 3124 635 3188 nisi
668 3125 735 3208 ipsi
768 3132 802 3189 et
835 3126 953 3189 balliui
984 3127 1059 3204 sui;
1099 3125 1318 3208 prohibemus

269 3225 372 3289 etiam
391 3243 434 3287 ne
452 3224 576 3306 aliquis
592 3232 790 3306 praesumat
804 3245 915 3290 emere
930 3228 1059 3308 absque
1077 3246 1195 3290 eorum
1212 3225 1318 3290 licen·

269 3326 323 3389 cia
348 3325 383 3387 irr
411 3324 570 3388 mercatis
594 3325 664 3388 suis
681 3325 725 3388 de
743 3325 1040 3390 Medeshamstede
1062 3325 1154 3390 etde
1170 3325 1318 3404 Undale‚

269 3425 334 3488 nisi
351 3423 401 3488 illi
418 3424 478 3506 qui
498 3424 708 3489 ostenderint
724 3425 815 3506 quod
833 3426 912 3490 inde
935 3426 1127 3490 libertatem
1146 3426 1317 3506 babeant3

269 3526 351 3588 item
373 3524 602 3607 praecipimus
625 3531 663 3588 ut
686 3525 899 3607 praedictum
927 3526 1171 3589 monasterium
1193 3526 1319 3592 babeat

269 3643 388 3689 omnes
405 3624 580 3689 libertates
598 3631 633 3688 et
649 3625 911 3689 consuetudines
939 3644 1025 3708 quas
1046 3626 1143 3707 regia
1164 3634 1319 3708 potestas

267 3726 441 3790 liberiores
467 3724 569 3787 alicui
605 3724 791 3789 aecclesiae
829 3725 982 3789 conferre
1016 3732 1140 3808 potest.
1202 3724 1320 3804 Quare

267 3827 425 3889 uolumus
438 3832 473 3888 et
484 3822 625 3887 firmiter
634 3824 861 3907 praecipimus
879 3825 969 3907 quod
983 3825 1149 3908 praedicti
1161 3826 1268 3889 abbas
1285 3835 1321 3891 et

267 3943 479 3990 successores
495 3924 568 3987 eius
594 3931 629 3988 et
649 3925 809 3989 monachi
831 3925 981 3989 habeant
998 3933 1032 3990 et
1048 3933 1189 3990 teneant
1205 3929 1320 3992 omnia

259 4026 442 4110 praedicta
467 4025 552 4088 bene
581 4031 616 4087 et
642 4025 677 4087 in
702 4044 800 4107 pace,
816 4024 920 4089 libere
938 4033 972 4090 et
989 4028 1114 4108 quiete,
1132 4026 1263 4108 integre
1285 4037 1320 4092 et

269 4125 462 4202 honorilice,
489 4126 523 4190 in
547 4126 651 4189 bosco
680 4126 772 4189 etin
797 4124 911 4207 plano,
936 4127 971 4189 in
988 4127 1053 4190 uiis
1070 4135 1106 4192 et
1125 4127 1266 4204 semitiS,
1284 4130 1318 4192 in
