2888 4890
445 353 617 401 casaris
639 351 982 400 nuonossxourcsc.
1202 335 1243 398 31

190 508 357 590 disponit!
382 507 498 591 Atque
512 528 574 591 per
582 508 733 572 eiusdem
751 508 805 572 dei
821 494 1169 592 praedestinationem
1181 508 1246 573 hoc

191 610 344 690 synodus
368 616 615 690 congregatum
633 609 745 672 fuerat
769 609 803 672 in
834 609 911 672 loco
941 609 1161 674 celeberrimo
1188 611 1246 673 ubi

191 711 388 774 nominatur
401 709 566 788 Heaield,
584 729 676 773 anno
692 729 775 773 uero
795 710 987 773 dominicae
1000 711 1246 775 incarnationis

193 827 386 874 mccxxx.
414 809 556 873 indictio
583 827 649 874 nx.
678 808 896 892 praesidente
923 818 1039 874 autem
1063 811 1246 875 Theodoro

192 912 306 991 gratia
349 911 405 974 dei
445 911 607 993 episcopo
649 911 861 992 caeterisque
906 911 1078 995 episcopis
1118 919 1152 975 et
1192 911 1247 974 dei

192 1010 428 1075 sacerdotibus
456 1030 518 1094 per
544 1011 740 1074 uniuersam
768 1011 997 1089 Britanniam,
1024 1013 1155 1095 pariter
1169 1032 1246 1076 cum

192 1111 332 1192 regibus
360 1109 566 1193 Anglorum,
593 1110 753 1192 AEgfrido
777 1113 852 1194 regi
874 1112 1187 1176 Humbronentium
1213 1121 1249 1177 et

194 1212 381 1276 AE’delredo
400 1213 473 1293 regi
497 1212 739 1289 Marcentium,
767 1231 846 1276 cum
869 1232 1039 1277 consensu
1065 1211 1247 1276 Halduulfi

193 1313 285 1393 regis
314 1311 649 1393 Easter-Anglorum
677 1319 781 1395 atque
809 1311 970 1377 cloderio
993 1313 1067 1394 regi
1095 1313 1248 1377 Cantua-

193 1413 334 1489 riorum,
362 1412 405 1476 de
434 1413 552 1476 multis
584 1412 845 1476 necessitatibus
876 1419 1066 1477 tractantes
1099 1414 1248 1477 maxime

193 1511 235 1577 de
263 1520 358 1576 statu
383 1513 627 1577 aecclesiarum
654 1512 708 1576 dei
732 1531 877 1595 quorum
894 1514 938 1576 ab
956 1513 1095 1577 olitanis
1118 1521 1249 1596 tempo-

193 1613 288 1677 ribus
326 1613 361 1676 in
400 1613 586 1697 primordia
617 1611 879 1677 christianitatis
910 1615 1022 1678 tocius
1048 1615 1250 1679 Britanniae

194 1713 383 1778 constituta
423 1722 527 1796 atque
563 1713 700 1776 firmata
737 1720 944 1790 noscuntur,
982 1716 1155 1797 quomodo
1193 1715 1249 1778 uel

195 1813 343 1895 qualiter
357 1816 544 1879 secundum
561 1832 716 1876 normam
735 1814 951 1878 rectitudinis
966 1814 1019 1877 his
1037 1816 1249 1898 temporibus

194 1913 249 1976 uel
271 1912 396 1977 iirturis
421 1914 464 1977 ad
485 1913 693 1978 seruandum
716 1913 958 1997 disposuimus
984 1934 1062 1978 cum
1079 1916 1250 1979 communi

193 2014 337 2078 consilio
363 2015 515 2078 omnium
541 2021 737 2079 nostrornm
762 2034 894 2096 regum,
917 2015 1167 2098 episcoporum,
1194 2017 1250 2079 uel

195 2115 299 2179 etiam
316 2116 428 2180 tocius
451 2115 565 2197 gentis
582 2113 774 2196 Anglorum
801 2114 891 2178 hanc
916 2115 1155 2179 discretionem
1179 2123 1251 2180 sta-

195 2215 322 2279 tuimus
347 2225 451 2298 atque
476 2215 690 2279 decreuimus
713 2215 906 2298 nostrisque
936 2217 1190 2280 suecessoribus
1215 2216 1249 2279 id

195 2316 307 2398 ipsum
328 2317 365 2379 in
384 2324 560 2400 posterum
583 2315 834 2399 praecipimus;
861 2316 939 2380 hnic
967 2316 1101 2380 duobus
1124 2324 1250 2380 metra-

195 2417 357 2498 politanis
381 2438 403 2481 a
428 2416 622 2499 primitibus
652 2416 737 2479 locis
755 2436 844 2498 quae
869 2424 952 2480 sunt
973 2417 1154 2480 uniuersae
1173 2417 1250 2480 Bri-

196 2517 335 2581 tanniae
350 2518 467 2600 capita
484 2517 674 2581 constituta
689 2517 812 2598 prima,
828 2517 918 2580 utin
932 2517 1149 2580 Dorouernia
1166 2517 1250 2579 ciui-

196 2623 268 2681 tate
284 2618 466 2701 principali
483 2617 593 2681 honor
614 2615 862 2698 archiepiscopi
880 2623 915 2679 et
932 2617 1131 2681 indumento
1153 2616 1250 2698 pallii

196 2717 375 2795 habeatur,
403 2718 493 2781 sicut
522 2717 781 2799 archiepiscopo
810 2715 1007 2797 Augustino
1032 2717 1156 2799 priscis
1180 2718 1248 2780 iam

196 2819 407 2900 temporibus
437 2825 475 2882 at
505 2837 596 2881 nunc
630 2836 738 2899 usqne
776 2816 917 2880 detenta
948 2824 1001 2880 est
1030 2837 1052 2882 a
1083 2817 1137 2880 sui
1165 2817 1250 2880 iuris

196 2917 319 2982 ditioni
340 2939 402 3002 per
418 2916 557 3000 singula
578 2918 656 2981 loca
686 2933 765 2983 .X11.
790 2916 943 2998 episcopi
965 2935 1026 2979 seu
1052 2917 1163 2979 omnis
1189 2936 1250 2980 na-

196 3018 309 3082 tiones
331 3018 526 3101 Anglorum
541 3024 576 3082 et
595 3018 792 3081 Brittonnm
811 3018 848 3079 in‘
868 3017 1077 3080 australibus
1094 3016 1251 3104 partibus

196 3138 307 3202 nsque
334 3119 378 3184 ad
410 3119 558 3183 confinia
588 3116 976 3196 Norbanhumbrorum3
1009 3116 1078 3180 alia
1103 3135 1185 3180 nero
1215 3119 1250 3181 in

199 3219 369 3284 Eboraica
386 3220 527 3284 ciuitate
545 3218 688 3283 fundata
709 3217 934 3298 similiterque
951 3216 1003 3279 sui
1027 3217 1112 3280 iuris
1131 3216 1253 3280 ditioni

200 3336 278 3384 .xrl.
298 3320 451 3403 episcopi
477 3339 612 3402 semper
638 3318 674 3381 in
699 3319 853 3382 futurum
881 3317 1055 3398 subiugati
1080 3324 1115 3381 et
1137 3323 1254 3399 partes

199 3419 413 3502 aquilonales
444 3420 535 3483 sicut
566 3419 736 3501 disposuit
771 3415 1092 3500 praedecessoribus
1128 3418 1254 3482 nostris

198 3527 299 3603 pater
324 3528 442 3584 noster
468 3518 658 3600 Gregorius
688 3518 756 3582 illis
782 3517 915 3581 duobus
935 3518 1072 3581 sedibus
1095 3517 1138 3581 ad
1161 3537 1253 3581 seru-

199 3621 327 3684 andum
348 3621 612 3703 imperpetuum,
629 3628 669 3684 nt
695 3638 740 3682 ex
769 3617 838 3681 illis
866 3616 1148 3699 praememoratis
1173 3618 1254 3682 ciui-

200 3722 329 3785 tatibus
347 3721 457 3784 omnis
478 3720 563 3805 ordo
579 3719 823 3784 aecclesiastici
839 3715 941 3782 officii
965 3726 1125 3781 seruatur
1150 3726 1255 3800 atque

199 3820 278 3885 inde
295 3821 521 3898 ministratur,
539 3828 610 3884 tam
628 3819 798 3884 ordinatio
818 3819 1057 3900 episcoporum
1076 3818 1132 3881 uel
1150 3819 1254 3882 etiam

200 3922 317 3986 unctio
341 3941 474 4004 regum,
498 3939 671 4004 quamque
698 3918 882 3983 canonicas
904 3919 1143 3983 institutiones
1166 3939 1255 4001 quae

200 4023 272 4086 suis
300 4021 600 4086 exhortationibus
635 4028 671 4085 et
702 4019 849 4083 assiduis
888 4018 1177 4082 sollicitudinibus
1212 4020 1255 4083 ad

199 4124 353 4205 regimen
366 4122 628 4187 christianitatis
642 4121 847 4204 pertineant.
890 4119 935 4182 Et
948 4139 1038 4183 nunc
1053 4139 1119 4201 ego
1131 4121 1255 4185 iterum
