2888 4890
190 351 257 416 324
439 366 612 415 cannula
636 362 985 413 aucnosnxonrcna.

616 538 833 604 MGLXVI.

564 657 783 764 nunaut),
804 686 881 751 949.

267 822 305 902 ›1‹
341 818 451 883 Auno
492 818 684 882 dominicae
722 815 969 881 incarnationis
1005 829 1252 877 ‚nccccxmm

199 919 275 1000 Ego
298 918 477 981 Eadrcdus
499 937 574 992 rex,
603 923 783 998 praesente
814 912 1001 978 uenerabili
1031 913 1107 977 uiro
1134 912 1254 975 Odone

199 1016 469 1099 archiepiscopo,
506 1023 605 1098 patre
637 1016 750 1079 tocius
779 1013 994 1086 Britanniae,
1027 1019 1063 1075 et
1092 1010 1254 1093 Eadgiua

198 1117 320 1197 regina
349 1123 459 1180 matre
488 1133 577 1191 mea,
605 1113 683 1177 dedi
715 1114 901 1178 aecclesiae
930 1109 1059 1175 Christi
1080 1111 1116 1172 in
1141 1110 1256 1173 Doro-

198 1215 319 1279 bernia
336 1215 478 1278 ciuitate
494 1213 739 1277 monasterium
756 1211 966 1277 Raculfense
981 1229 1060 1273 cum
1078 1216 1154 1273 tota
1170 1207 1257 1271 uilla¹

200 1320 236 1377 et
253 1313 410 1377 omnibus
427 1313 470 1376 ad
489 1331 565 1376 eam
580 1313 645 1375 rite
662 1312 925 1393 pertinentibus
939 1309 1082 1372 liberam
1101 1309 1146 1371 ab
1160 1308 1255 1370 omni

200 1413 368 1476 saeculari
386 1413 566 1486 seruitute,
583 1413 738 1492 exceptis
756 1412 879 1487 tribus,
893 1407 1125 1489 expeditione,
1140 1407 1257 1487 pontis

202 1519 237 1575 et
260 1512 349 1574 arcis
371 1511 638 1574 constructione.
697 1511 744 1574 Et
766 1530 831 1591 ego
846 1509 1051 1572 Dunstanns
1073 1505 1183 1569 abbas
1206 1503 1256 1567 in·

201 1609 326 1690 dignus
358 1609 539 1685 cartulam,
573 1608 654 1672 inde
689 1610 879 1690 imperante
905 1605 1045 1669 domino
1070 1622 1149 1666 meo
1176 1622 1257 1684 rege

203 1707 373 1783 Eadredo,
391 1708 581 1789 composui,
599 1715 634 1771 et
650 1709 798 1790 propriis
815 1705 934 1788 digitis
948 1703 1034 1767 meis
1049 1701 1247 1784 perscripsi.

610 2018 849 2084 MCLXVII.

575 2143 892 2248 sinuantur.

263 2298 303 2382 ›1‹
332 2299 533 2363 Ennaunus
566 2319 628 2363 rex
652 2297 860 2381 Anglorum‚
891 2318 979 2381 quos
1014 2299 1091 2363 uult
1122 2298 1262 2363 honori·

208 2398 273 2462 fice
303 2398 404 2480 larga
434 2418 538 2462 manu
570 2398 772 2483 locupletat.
836 2398 917 2462 Hoc
948 2407 1064 2482 potest
1091 2399 1264 2463 ueraciter

208 2498 308 2563 miles
331 2497 555 2579 isteAElfsige
574 2518 664 2564 nunc
685 2520 763 2564 cum
789 2497 934 2563 caeteris
954 2498 1126 2575 intimare,
1149 2517 1263 2581 quem,

210 2597 349 2679 perenni
373 2596 475 2661 huius
495 2597 584 2660 ruris
603 2605 650 2662 aet
669 2598 889 2662 Haddedune
906 2598 1143 2680 usurpatione,
1160 2616 1262 2680 prae-

211 2703 264 2761 ter
286 2696 381 2759 urbis
400 2697 585 2779 pontisque
607 2699 863 2762 constructione
888 2705 924 2762 et
946 2697 1177 2780 expeditionis
1202 2697 1264 2760 ob·

211 2795 344 2877 sequio,
364 2795 525 2872 beatizat,
542 2796 732 2861 concedens
750 2797 781 2861 ei
805 2799 947 2880 eiusque
966 2796 1171 2861 haeredibus
1185 2815 1264 2859 cum

212 2894 372 2958 omnibus
393 2895 458 2957 rite
476 2895 726 2976 pertinentibus
742 2896 995 2978 perfruendum.
1048 2895 1184 2959 Eadred
1200 2915 1264 2958 rex

212 2992 372 3057 Albionis
395 2991 484 3056 hanc
501 2995 770 3059 munificentiam
784 3015 875 3060 anno
892 2994 1083 3059 dominicae
1102 2995 1263 3058 incarna-

213 3093 318 3155 tionis
342 3108 527 3156 .ncccc.n1.
557 3102 659 3159 sexto
687 3114 824 3178 quoque
855 3115 924 3178 quo
953 3101 1090 3177 sceptra
1122 3093 1266 3174 regebat

213 3190 345 3273 regalia
369 3210 536 3256 annorum
560 3194 739 3272 laterculo,
766 3215 843 3258 cum
870 3212 1039 3259 consensu
1065 3199 1266 3257 senatorum

215 3310 360 3373 quorum
381 3289 436 3353 hic
465 3289 640 3356 calculans
667 3294 848 3371 uocabula,
864 3292 1075 3376 triumphali,
1094 3291 1268 3370 uidelicet,

213 3389 344 3452 uexillo
375 3389 545 3453 stabiliter
574 3393 762 3457 roborauit.
829 3393 922 3456 Uere
955 3392 1082 3455 limites
1114 3391 1266 3455 eiusdem

213 3488 387 3553 Saxonico
407 3488 591 3572 ydiomate.

685 3583 805 3594 —-—-

611 3687 870 3755 ucnxvlu.
940 3749 943 3756 .

581 3807 799 3916 ainana,
821 3839 897 3903 953.

274 3987 313 4066 >1⁴
357 3982 466 4048 Anno
503 3985 547 4053 ab
581 3986 818 4050 incarnatione
854 3987 982 4052 domini
1019 3984 1129 4051 nostri
1165 3984 1271 4051 Ihcsu

220 4083 349 4148 Christi
375 4100 588 4148 ,accccmun
658 4086 735 4167 Ego
761 4086 909 4165 Eadred,
936 4088 1054 4151 diuina
1077 4085 1193 4169 gratia
1222 4085 1271 4149 fa·
