2888 4890
189 352 252 416 lsi
444 366 623 416 curnula
646 363 986 416 Anonoslxoruonn.

190 524 257 587 and
277 513 349 589 ’dan
375 513 567 606 giraeceras
595 524 628 586 in
661 543 705 587 on
734 529 806 589 itaet
835 523 934 603 land;
968 528 1082 588 tianon
1108 541 1152 584 on
1179 511 1246 585 ane

190 622 337 688 forier'oe
354 642 399 687 on
420 613 514 687 ‘anon
536 613 678 698 heafde;
704 629 821 688 baron
834 644 878 687 on
901 622 1034 705 gerihto
1053 641 1098 686 on
1115 610 1246 684 rea'rdan

192 723 255 788 clif
274 742 318 787 on
338 714 542 803 Swinbr603
565 728 679 787 bonne
700 723 853 804 andlang
873 730 947 788 taes
970 712 1094 786 broces
1113 741 1159 784 on
1175 719 1247 784 oaet

193 825 261 887 risc
274 813 375 888 sloed.

247 923 288 1004 ›1‹
308 924 385 1006 Ego
395 923 629 987 Eadweardus
646 942 720 986 rex.
772 924 811 1004 ›1‹
834 922 910 1004 Ego
926 919 1035 986 Asser
1052 919 1246 1002 episcopus.

197 1023 238 1104 ›1‹
258 1024 334 1105 Ego
349 1023 476 1088 Ordlaf
489 1024 572 1087 dux.
629 1024 668 1104 ›1‹
691 1022 768 1103 Ego
783 1021 963 1104 Dyormod
978 1020 1142 1084 minister.
1199 1022 1241 1101 ’l‘

193 1123 270 1203 Ego
300 1123 485 1188 Wihtbord
517 1122 682 1185 minister.
749 1124 788 1204 ›1‹
812 1121 888 1203 Ego
922 1119 1047 1185 AElfric
1079 1119 1247 1183 minister.

198 1225 239 1304 {a
259 1222 335 1304 Ego
357 1222 511 1288 Waerull
527 1222 715 1305 presbyter.
787 1222 826 1302 ›1‹
848 1222 925 1302 Ego
953 1221 1129 1303 Byrnstan
1148 1237 1246 1302 pres·

193 1323 304 1404 byter.
361 1325 400 1405 ›1‹
434 1321 511 1401 Ego
535 1321 710 1386 wulfhun
736 1320 902 1385 minister.
967 1322 1006 1402 ›1‹
1039 1319 1116 1399 Ego
1142 1318 1248 1399 Buga

192 1422 356 1486 minister.
406 1423 445 1503 ›1‹
467 1419 644 1502 Ego'Alla
666 1421 832 1484 minister.
888 1422 927 1502 ›1‹
951 1420 1027 1501 Ego
1049 1417 1247 1483 wulfhelm

192 1522 356 1586 minister.
413 1521 452 1601 ›1‹
471 1519 717 1603 EgoWulfred
739 1520 905 1585 minister.
956 1521 995 1601 ›1‹
1016 1519 1093 1600 Ego
1113 1518 1247 1581 Beorn-

191 1628 270 1685 stan
283 1621 448 1686 minister.

600 1816 835 1883 unxxxr.

194 2052 198 2059 ¹
318 1940 607 2033 uinwunnn
633 1966 737 2032 lun
763 1965 1025 2044 massano,
1041 1965 1119 2031 903.

195 2147 197 2153 ·
247 2115 288 2196 ›1‹
308 2115 513 2180 Rncnnnrn
535 2115 571 2178 in
593 2124 796 2200 perpetuum
816 2124 851 2181 ot
872 2116 991 2180 mundi
1012 2114 1248 2180 monarchiam

192 2215 407 2296 gubernante
430 2215 608 2280 altithroni
621 2217 731 2299 patris
746 2217 878 2294 sobole,
891 2215 952 2298 qui
966 2215 1130 2281 coelestia
1144 2216 1250 2280 simul

192 2322 228 2379 et
258 2322 396 2379 terrena
429 2316 644 2381 moderatur!
707 2317 807 2380 Illius
840 2316 967 2380 etenim
1000 2313 1251 2380 incarnationis

193 2433 283 2478 anno
307 2431 498 2480 .ncccc.111.
516 2415 703 2480 indictione
733 2435 817 2480 uero
845 2424 959 2493 sexta,
982 2415 1129 2496 contigit
1156 2416 1251 2497 quod

195 2514 390 2579 AEoelfrido
416 2514 496 2579 duci
521 2535 641 2580 omnes
670 2515 889 2579 haereditarii
914 2513 993 2579 libri
1015 2515 1106 2597 ignis
1128 2523 1251 2580 uasta-

194 2614 289 2678 tione
327 2614 497 2678 combusti
535 2616 719 2698 perierant.
783 2615 863 2679 Tali
901 2615 1009 2696 igitur
1041 2615 1251 2680 necessitate

194 2719 352 2795 cogente,
372 2714 568 2796 praedictus
592 2714 665 2778 dux
688 2715 826 2796 rogauit
845 2713 1095 2779 Eadweardnm
1118 2733 1249 2796 regem,

195 2812 419 2877 AE’oelredum
435 2832 574 2896 quoque
591 2821 625 2878 et
636 2807 878 2892 AEttelfledam,
896 2814 956 2896 qui
973 2820 1057 2877 tunc
1072 2813 1249 2897 principa·

195 2919 266 2975 turn
289 2919 324 2976 et
340 2920 550 2994 potestatem
572 2913 685 2995 gentis
709 2913 862 2978 Merciae
881 2915 946 2977 sub
967 2912 1144 2995 praedicto
1166 2933 1274 2996 rege·

194 3017 393 3089 tenuerunt,
416 3031 534 3076 omnes
561 3013 666 3076 etiam
696 3020 874 3077 senatores
901 3012 1125 3090 Marciorum,
1151 3021 1192 3078 ut
1217 3015 1251 3078 oi

68 3127 76 3144 ·
194 3111 426 3175 consentirent
456 3119 492 3176 et
520 3111 694 3175 licentiam
720 3113 843 3177 darent
873 3113 961 3176 alios
988 3112 1096 3176 libros
1125 3114 1250 3178 rescri-

194 3208 307 3275 bendi.
352 3211 452 3275 Tunc
465 3211 515 3275 illi
531 3210 750 3289 unianimiter
764 3232 882 3277 omnes
897 3212 1025 3276 deuota
1040 3219 1155 3278 mente
1169 3232 1251 3278 oon·

194 3318 376 3374 senserunt
398 3319 438 3375 ut
460 3311 519 3374 alii
542 3311 574 3374 ei
596 3311 674 3375 libri
703 3312 982 3390 rescriberentur,
999 3310 1119 3375 eodem
1144 3312 1250 3377 modo

195 3427 265 3490 quo
280 3415 316 3472 et
329 3411 460 3492 priores
480 3410 600 3492 scripti
615 3418 728 3486 erant,
738 3412 774 3474 in
791 3418 960 3494 quantum
977 3429 1036 3474 eos
1053 3412 1251 3477 memoriter

196 3507 368 3572 recordari
392 3511 573 3592 potuisset.
625 3510 663 3573 Si
688 3521 772 3574 uero
795 3511 970 3593 quoslibet
991 3510 1165 3574 recordari
1189 3513 1250 3576 mi·

195 3607 287 3671 nime
308 3611 490 3691 potuisset,
508 3616 590 3673 tunc
611 3610 644 3673 ei
666 3609 743 3673 ista·
757 3609 897 3674 kartula
919 3610 955 3674 in
977 3609 1107 3674 auxilio
1128 3617 1166 3675 et
1188 3611 1252 3674 ad·'

196 3707 387 3773 firmatione
411 3710 520 3786 fieret,
543 3719 583 3773 ut
602 3708 717 3772 nullus
740 3729 817 3772 eum
837 3708 1051 3774 contentiose
1069 3729 1147 3774 cum
1171 3710 1251 3776 aliis

194 3807 291 3870 libris
318 3808 471 3890 affligere
493 3808 674 3885 ualuisset,
696 3828 760 3872 nec
782 3811 996 3892 propinquus
1018 3829 1082 3873 neo
1104 3809 1250 3889 alienus,

195 3908 355 3987 quamuis
371 3908 497 3991 aliquis
521 3908 624 3972 horno
641 3908 791 3990 aliquem
815 3909 858 3972 dc
880 3907 1028 3973 uetustis
1048 3908 1145 3973 libris
1168 3930 1249 3992 pro·

195 4005 313 4069 tulerit
327 4027 429 4088 quem
445 4009 540 4089 prius
559 4007 807 4086 fraudulenter,
820 4009 855 4071 in
873 4009 960 4072 hora
975 4008 1083 4090 ipsius
1100 4009 1251 4073 incendii

195 4104 250 4167 uel
276 4106 344 4169 alio
376 4108 530 4189 quolibet
558 4115 725 4190 tempore,
750 4120 812 4190 per
838 4109 968 4172 sumum
998 4109 1249 4175 abstraxisset:
