2888 4890
454 300 626 350 cunnrnrr
649 297 990 348 nucuosnxorucna.
1223 282 1246 345 9

191 455 299 538 pratis
317 462 352 519 et
368 455 516 539 pascuis
534 455 569 518 in
598 456 696 537 aquis
723 463 759 519 et
786 456 999 534 molendinis,
1016 456 1051 519 in
1077 457 1243 538 piscariis

191 557 226 619 in
249 556 402 632 uiuariis
431 557 466 619 in
492 557 637 637 stagnis
660 563 695 619 et
717 557 884 634 mariscis,
905 564 939 620 et
969 558 1142 634 turbariis
1166 578 1243 622 cum

192 655 279 721 soka
306 663 341 719 et
362 654 461 732 saka,
490 663 524 720 et
555 655 638 720 tolle
674 662 709 719 et
738 659 843 740 poem,
872 665 907 721 et
936 655 1184 739 infangenoefe,
1210 665 1245 722 et

192 754 444 837 utfangendefa
475 754 652 832 hamsoke,
685 756 891 837 gutibriche,
921 757 1124 835 blodewitie,
1156 778 1245 820 mur·

160 902 161 905 η
193 856 267 933 dro,
293 863 328 921 et
348 856 522 932 thesauro,
537 855 703 932 forstalle,
721 856 955 935 flemmefle’oe
974 857 1081 935 ordel,
1107 865 1141 922 et
1167 877 1244 921 eum

194 956 321 1031 duello,
338 957 374 1019 in
396 956 552 1020 omnibus
568 956 725 1020 dominiis
746 957 828 1033 suis,
846 963 881 1020 et
904 958 939 1020 in
966 958 1123 1021 omnibus
1149 959 1257 1035 locis‚·

194 1063 228 1119 et
240 1057 275 1119 in
291 1057 447 1120 omnibus
462 1057 575 1120 causis
589 1075 677 1138 quae
692 1063 773 1119 sunt
784 1057 840 1120 uel
859 1076 933 1121 esse
949 1064 1102 1140 possunt.
1139 1056 1258 1142 Prae-¹

194 1156 337 1237 cipimus
361 1157 463 1220 etiarn
481 1156 571 1238 quod
595 1157 661 1238 ipsi
678 1164 713 1220 et
728 1158 880 1221 dominia
905 1176 969 1221 sua
991 1158 1060 1221 sint
1081 1158 1189 1222 libera
1211 1165 1246 1222 et

195 1256 311 1337 quieta
334 1256 378 1320 ab
402 1257 494 1319 omni
515 1263 625 1320 scotto
652 1264 686 1320 et
703 1257 817 1338 geldo,
837 1265 871 1321 et
893 1258 937 1321 ab
964 1257 1120 1320 omnibus
1146 1259 1245 1321 auxi-

144 1354 249 1418 -liis
281 1375 412 1437 regum,
445 1357 694 1434 uicecomitum,
720 1364 754 1420 et
777 1358 870 1421 omni
895 1357 1134 1421 ministralium
1153 1358 1244 1421 ‘suo-

195 1474 271 1518 rum
293 1455 443 1538 hidagio‚
460 1463 495 1520 et
512 1455 713 1536 danegeldo,
728 1464 762 1520 et
789 1457 921 1534 schiris,
946 1465 980 1520 et
998 1457 1194 1535 hundredis,
1212 1465 1247 1522 et

195 1555 342 1638 placitis
361 1563 395 1620 et
412 1555 571 1638 querelis
587 1556 805 1639 wardepeny‚
825 1564 859 1619 et
878 1558 1088 1640 boroupeny‚
1114 1565 1148 1621 et
1166 1558 1246 1622 lest-

197 1675 274 1737 age,
291 1675 394 1733 wrec,
414 1663 449 1719 et
476 1656 520 1725 ab
543 1656 699 1720 omnibus
719 1656 879 1738 operibus
903 1657 1247 1740 castellorum,pare-

197 1776 307 1834 orum,
325 1756 492 1839 pontium,
508 1762 542 1819 et
568 1757 610 1820 de
627 1756 819 1832 clausturis,
837 1764 872 1819 et
889 1757 932 1820 ab
955 1757 1048 1820 omni
1071 1758 1192 1835 caceio,
1212 1766 1247 1823 et

196 1857 400 1939 summagio,
426 1863 460 1919 et
490 1856 642 1938 nauigio,
665 1863 700 1920 et
726 1856 894 1937 regalium
923 1857 1101 1920 domorum
1129 1858 1247 1922 aedifi-

196 1958 342 2045 catione,
369 1963 404 2020 et
428 1956 624 2019 omnimoda
645 1957 852 2038 operatione,
875 1964 910 2020 et
932 1957 1040 2020 siluae
1066 1977 1183 2020 eorum
1203 1958 1246 2022 ad

197 2057 373 2140 praedicta
399 2076 504 2139 opera
528 2055 585 2118 uel
607 2056 650 2119 ad
676 2055 793 2139 aliqua
822 2057 891 2120 alia
914 2055 1007 2120 nullo
1031 2057 1133 2120 modo
1157 2059 1247 2140 capi-

198 2165 310 2222 antur.
363 2156 597 2237 Praecipimus
624 2155 727 2220 etiam
755 2156 846 2238 quod
873 2156 1085 2237 praedictum
1112 2176 1249 2220 monas-

198 2258 320 2321 terium
348 2264 383 2321 et
407 2257 558 2320 dominia
574 2276 638 2321 sua
660 2257 729 2319 sint
751 2256 859 2319 libera
885 2262 921 2319 et
947 2256 1063 2338 quieta
1087 2257 1131 2320 ab
1157 2259 1250 2321 omni

199 2357 442 2432 dominatione,
469 2357 648 2419 exactione
677 2356 851 2433 comitum,
869 2357 1046 2433 baronum,
1073 2357 1250 2421 uicecomi-

199 2464 284 2533 tum,
309 2464 344 2521 et
375 2456 613 2519 ministralium
637 2474 796 2529 suorum;
830 2462 865 2519 et
892 2456 1058 2538 praedicti
1085 2458 1192 2520 abbas
1216 2464 1251 2522 et

199 2555 359 2620 monachi
385 2555 538 2619 homines
572 2562 607 2619 et
632 2556 748 2619 omnia
771 2555 921 2619 dominia
950 2575 1013 2620 sua
1041 2556 1109 2620 sint
1135 2558 1251 2639 quieta

201 2657 245 2720 ab
270 2655 362 2720 omni
388 2656 547 2720 theloneo
570 2656 605 2718 in
630 2656 722 2718 omni
747 2655 832 2732 foro,
851 2657 937 2719 etin
954 2656 1111 2719 omnibus
1128 2657 1250 2721 nundi·

200 2758 266 2833 nis,
283 2757 369 2820 etin
387 2756 533 2820 transitu
559 2755 704 2832 uiarum,
721 2756 889 2838 pontium,
906 2763 943 2821 et
956 2764 1116 2840 portuum
1134 2757 1250 2834 maris,

200 2876 262 2939 per
277 2863 387 2920 totum
407 2876 552 2937 regnum
574 2863 728 2919 nostrum
748 2857 784 2919 in
807 2854 948 2938 Anglia,
974 2864 1008 2921 et
1031 2858 1146 2920 omnia
1162 2877 1251 2922 mer-

202 2963 280 3020 cata
305 2975 369 3020 sua
398 2958 466 3020 sint
488 2955 643 3019 similiter
659 2957 792 3038 quieta;
822 2963 857 3021 et
883 2956 948 3020 hoc
970 2976 1073 3039 super
1096 2957 1251 3021 forisfac-

201 3063 313 3120 turam
336 3064 500 3121 nostram.
564 3055 653 3119 Item
686 3056 812 3120 catalla
837 3055 961 3119 furium
990 3057 1182 3138 mercieque
1206 3077 1251 3120 ex

202 3157 340 3220 murdro
360 3164 395 3221 et
419 3157 496 3220 aliis
522 3155 745 3219 forisfacturis
769 3156 1036 3237 quibuscumque
1052 3158 1254 3238 contingunt

204 3264 369 3340 quantum
395 3257 439 3320 ad
466 3276 530 3320 sua
556 3255 706 3319 dominia
733 3255 813 3332 sint,
831 3254 928 3331 haec,
947 3255 1099 3337 inquam,
1126 3257 1252 3334 omnia,

202 3357 284 3420 licet
305 3376 426 3439 parua,
450 3357 501 3420 ita
526 3355 676 3420 concedo
697 3362 737 3418 ut
760 3373 825 3436 ego
846 3355 1009 3436 regaliter
1024 3357 1119 3418 tenui
1135 3355 1192 3420 uel
1210 3358 1254 3420 ab

202 3457 280 3521 aliis
304 3455 390 3519 effici
413 3456 531 3533 libera,
560 3455 720 3538 quatinus
746 3455 789 3518 ab
808 3455 900 3518 omni
917 3455 1081 3519 seruitute
1099 3456 1255 3520 absoluta

203 3558 239 3621 in
268 3555 424 3638 proprias
449 3563 584 3620 tantum
606 3574 777 3638 expensas
799 3556 973 3619 liberrima
992 3555 1165 3637 possideat
1179 3576 1254 3620 aec-

204 3656 308 3720 clesia
331 3663 496 3738 tanquam
524 3656 643 3738 regina
668 3675 737 3718 non
761 3662 928 3738 tanquam
951 3655 1088 3719 famula.
1142 3655 1253 3719 Inter¹

199 3756 265 3820 has
293 3756 495 3821 donationes
521 3764 557 3820 et
577 3756 772 3819 sanctiones
798 3755 1005 3819 uenerabilis
1030 3762 1130 3838 pater
1156 3776 1254 3820 morr-

204 3857 322 3921 asterii
340 3856 517 3932 Saxulqu,
535 3856 664 3920 habens
689 3856 874 3919 monachos
896 3854 1155 3919 anachoreticae
1175 3876 1256 3921 eon-

229 4015 247 4138 hl
266 4016 544 4141 ‘philpp—ditionem
555 4017 581 4066 in
592 4017 709 4066 domino’
720 4016 820 4067 follows
830 4016 993 4081 ‘rapacitatis
1005 4011 1167 4079 supplicium’
1179 4017 1205 4066 iu
1216 4018 1259 4067 the

200 4094 229 4138 ot
246 4104 274 4138 er
355 4125 362 4138 .
