2888 4890
277 363 344 426 326
536 376 709 424 curaris
731 375 1075 424 nucnosnxomcru.

282 532 358 612 Ego
371 531 540 612 AEdelgar
551 532 734 611 episcopus
746 534 904 597 consensi
915 540 951 598 et
963 533 1164 613 subscripsi.
1210 534 1249 613 »14
1262 533 1338 613 Ego

283 630 389 694 Osulf
399 631 581 711 episcopus
597 632 755 694 consensi
770 639 805 696 et
821 633 1019 713 subscripsi.
1071 633 1109 713 »14
1122 632 1337 713 EgoByrht·

282 730 349 792 alm
365 730 546 810 episcopus
558 731 716 793 consensi
730 740 765 794 et
780 731 979 812 subscripsi.
1039 733 1078 812 »14
1091 731 1167 812 Ego
1184 730 1338 814 Cynsige

282 828 465 910 episcopus
490 829 649 891 consensi
674 836 708 892 et
731 831 927 912 subscripsi.
985 832 1024 911 »14
1046 830 1122 911 Ego
1149 828 1338 894 Ceonwold

282 927 465 1008 episcopus
492 928 650 990 consensi
677 937 712 992 et
737 929 934 1010 subscripsi.
992 930 1031 1009 »14
1054 928 1131 1008 Ego
1161 929 1338 992 Leofwine

283 1026 466 1107 episcopus
492 1026 649 1088 consensi
670 1035 705 1090 et
728 1028 925 1108 subscripsi.
983 1030 1022 1109 »14
1052 1028 1128 1108 Ego
1153 1027 1338 1092 AE’delstan

283 1124 366 1186 dux.
416 1126 455 1205 »14
477 1124 553 1205 Ego
571 1123 751 1190 Eadmuud
769 1127 851 1189 dux.
897 1130 936 1209 »14
959 1125 1035 1208 Ego
1054 1125 1203 1208 AElfsige
1218 1127 1338 1190 minis-

283 1230 346 1286 ter.
398 1225 437 1304 »14
455 1223 531 1303 Ego
548 1222 673 1288 Osfors
689 1225 856 1290 minister.
914 1226 1045 1307 ›14Ego
1062 1225 1207 1291 AElfnoii
1220 1226 1339 1289 minis-

283 1329 346 1384 ter.
421 1323 461 1402 »14
484 1321 560 1403 Ego
593 1322 764 1404 Byrhfers
795 1325 960 1388 minister.
1027 1325 1066 1404 »14
1095 1325 1172 1406 Ego
1188 1324 1338 1406 AElfsige

283 1421 448 1483 minister.

699 1635 922 1700 MGLXIX.

656 1753 875 1860 uuonan,
897 1783 972 1847 oss.

353 1916 392 1995 »14
428 1911 537 1977 Anno
570 1912 614 1975 ab
646 1912 886 1975 incarnatione
922 1910 1053 1974 domini
1085 1911 1194 1975 nostri
1230 1912 1336 1976 Ihesu

285 2012 414 2076 Christi
435 2027 647 2076 .ncccc.n111.
706 2010 783 2091 Ego
811 2010 960 2087 Eadred,
984 2009 1104 2074 diuina
1136 2011 1252 2091 gratia
1283 2012 1336 2075 fa·

283 2119 399 2188 uente,
431 2131 494 2174 rex
525 2116 560 2174 et
587 2109 803 2191 primicerius
843 2109 954 2172 tocius
984 2107 1157 2186 Albionis,
1189 2109 1336 2174 AElfrico

283 2210 442 2273 ministro
460 2229 548 2285 meo,
566 2208 651 2271 mihi
675 2209 859 2271 carnaliter
875 2208 1053 2285 adstricto,
1071 2209 1115 2271 ob
1140 2209 1215 2272 eius
1244 2228 1336 2272 ama·

283 2310 352 2373 bile
373 2315 409 2372 et
425 2307 525 2371 fidele
546 2307 797 2389 obsequiolum,
815 2308 905 2370 ruris
925 2306 1130 2388 particulam
1146 2308 1211 2370 sub
1230 2309 1336 2371 aesti-

284 2408 436 2471 matione
455 2424 499 2471 Ν.
518 2413 732 2471 cassatorum
754 2406 790 2468 in
807 2405 884 2469 loco
901 2406 960 2486 qui
977 2405 1104 2469 dicitur
1121 2405 1336 2488 Cusanricgo

285 2506 432 2570 libenter
454 2506 638 2569 admodum
662 2505 830 2580 concessi,
858 2525 899 2568 eo
927 2512 1044 2568 tenore
1072 2504 1174 2567 huius
1200 2504 1337 2569 munifi·

285 2606 419 2669 ceutiae
451 2605 578 2668 donum
615 2604 863 2686 perstringens
893 2611 933 2667 ut
962 2610 1043 2686 post
1071 2604 1203 2668 obitum
1235 2623 1336 2668 suum

284 2705 319 2766 in
339 2711 542 2786 perpetuum
565 2704 620 2767 ius
636 2704 839 2785 cuicumque
854 2702 1238 2785 uoluerit-derelinquat
1254 2702 1337 2768 hae·

284 2802 368 2866 redi.
433 2800 535 2879 Quod
560 2803 589 2865 si
615 2803 774 2884 quisque,
796 2801 887 2883 quod
911 2821 980 2865 non
1001 2808 1174 2882 optamus,
1192 2801 1338 2869 huiusce

284 2901 480 2966 donationis
505 2901 673 2964 cartulam
699 2900 886 2981 infringere
906 2900 1142 2982 temptauerit,
1156 2899 1224 2963 nisi
1241 2903 1338 2983 prius

284 3001 320 3062 in
346 3001 411 3063 hoc
445 2999 584 3063 saeculo
621 2999 725 3081 digne
753 2999 955 3080 castigetur,
983 3001 1019 3062 in
1047 2999 1165 3062 futuro
1195 3003 1338 3081 perenni

229 3178 231 3182 .
284 3100 439 3163 cruciatu
480 3106 667 3179 prematur.
734 3097 781 3161 Et
807 3097 861 3160 his
890 3098 1055 3162 limitibus
1087 3098 1173 3161 haec
1202 3098 1338 3164 telluris

286 3196 458 3277 particula
472 3196 720 3278 circumgyrari
737 3196 883 3261 uidetur.
936 3198 1003 3263 Dis
1030 3196 1107 3261 sind
1129 3201 1176 3261 ’da
1193 3196 1339 3280 landge-

287 3284 391 3360 maere
415 3302 461 3359 aet
477 3293 713 3377 Cusanhricge
734 3284 818 3359 bara
839 3285 996 3359 fifhida.
1036 3297 1155 3360 AErest
1171 3316 1218 3359 on
1234 3287 1337 3362 mffir-

286 3414 383 3475 weg;
410 3393 541 3474 onlang
563 3382 766 3476 maerweges
787 3414 832 3457 on
852 3391 896 3457 ba
912 3393 1068 3474 beccam⁴
1085 3395 1240 3476 andlang
1257 3396 1335 3460 hec·

286 3513 349 3557 cen
364 3513 409 3558 ou
425 3498 473 3558 ba
487 3482 596 3556 haran
612 3496 762 3577 pyrnan;
788 3493 828 3556 of
836 3483 933 3558 affere
947 3498 1078 3581 pyrnan
1092 3514 1137 3557 on
1154 3485 1337 3577 Cynea'thcs

285 3583 416 3666 tre6w3
457 3595 529 3655 aaet
563 3592 715 3674 andlang
751 3592 944 3674 heorpaties
984 3613 1029 3656 on
1061 3613 1198 3675 quenan
1229 3594 1335 3674 dene3

285 3689 395 3755 bonne
425 3689 577 3771 andlang
603 3697 678 3755 does
702 3690 826 3755 ealdan
843 3710 958 3772 weges
984 3712 1030 3755 on
1048 3679 1235 3770 Linleah03
1269 3692 1337 3758 beet

286 3791 439 3870 ondlang
457 3788 585 3852 heccan
602 3810 647 3853 on
663 3795 712 3855 ’da
727 3791 891 3868 crundol;
913 3794 986 3854 dcet
1003 3790 1076 3854 ofer
1089 3797 1181 3855 tione
1198 3790 1273 3856 bric
1289 3792 1338 3856 est

286 3907 330 3951 on
353 3879 516 3969 merweg.
586 3887 665 3952 And
695 3908 740 3952 on
761 3878 832 3953 dan
860 3879 1031 3970 gemanan
1055 3890 1158 3953 lande
1181 3892 1336 3974 gebyrats

285 3975 389 4050 atarto
412 3978 464 4050 {tf
480 3986 548 4049 and
573 3988 657 4051 sixti
674 4008 817 4052 aeccera.
870 3988 987 4052 Huius
1012 3989 1094 4053 doni
1119 3990 1335 4071 constipula-

286 4091 399 4149 torum
418 4086 557 4149 nomina
573 4086 716 4152 inferius
732 4094 854 4151 notata
869 4088 1040 4154 uidentur.
