2888 4890
444 394 617 443 cunnrnu
640 393 988 445 auctosnxoumnu.
1200 377 1246 444 75

600 651 842 718 MXXXIV.

356 795 686 866 ARCHBISHOP
712 801 977 880 WULFRED,
1001 802 1078 868 825.
1142 876 1144 881 y

257 947 296 1027 ›1‹
331 945 377 1011 ΙΝ
411 948 548 1013 nomine
578 948 730 1014 domini!
796 948 900 1014 Anno
932 950 976 1013 ab
1008 949 1244 1015 incarnatione

191 1044 322 1111 Christi
340 1065 551 1113 mcccxxv,
592 1050 779 1114 indictione
810 1049 925 1127 tertia,
964 1068 1055 1129 anno
1093 1049 1244 1124 secundo

189 1147 288 1228 regni
320 1147 497 1212 Beornulfi
531 1151 622 1230 regis
652 1149 874 1228 Merciorum,
902 1148 1056 1231 synodus
1094 1148 1161 1214 fuit
1199 1151 1243 1214 ad

191 1246 445 1331 Clobe[s]ham,
454 1249 671 1332 praesidente
687 1248 1147 1333 archiepiscopoWulfred03
1165 1259 1245 1332 post

191 1353 336 1411 mortem
359 1368 442 1413 uero
466 1347 623 1413 coenulfi
649 1351 741 1432 regis
769 1350 978 1414 Merciorum
1010 1349 1141 1413 multae
1174 1349 1244 1413 dis·

191 1447 328 1512 cordiae
360 1456 395 1513 et
418 1449 685 1514 innumerabiles
719 1450 958 1514 dissonanciae
989 1449 1246 1513 extollebantur

192 1554 313 1612 contra
327 1549 595 1632 uniuscuiusque
612 1550 855 1633 principalium
872 1568 1106 1633 personarum,
1125 1569 1244 1630 regum

192 1655 228 1712 et
253 1649 506 1732 episcoporum,
537 1658 573 1714 et
594 1657 771 1732 pastorum
802 1649 1046 1713 aecclesiarum
1069 1650 1136 1726 dei,
1162 1669 1246 1731 erga

192 1747 340 1830 plurima
359 1749 550 1813 saecularia
567 1751 730 1832 negotia3
754 1751 805 1813 ita
823 1758 861 1814 ut
877 1749 1023 1813 multum
1041 1749 1246 1831 dispoliatae

192 1846 330 1912 fuerant
358 1869 419 1931 per
441 1849 519 1912 loca
544 1849 683 1913 diuersa
710 1849 897 1914 aecclesiae
915 1847 1045 1913 Christi
1069 1850 1106 1912 in
1130 1851 1246 1927 rebuS,

194 1948 229 2011 in
257 1947 372 2026 terrie,
392 1949 429 2012 in
449 1950 591 2027 tributo,
612 1949 647 2012 in
663 1950 822 2013 omnibus
842 1950 956 2021 causis
977 1996 1244 2014 ..........

196 2066 293 2113 ..ea
314 2048 498 2132 episcopus
515 2047 928 2114 Australium·Saxonum
951 2048 1149 2114 coenredus
1172 2048 1246 2113 sue·

193 2154 250 2212 rat
275 2148 444 2231 spoliatus
465 2150 507 2213 de
533 2150 650 2232 aliqua
671 2156 770 2233 parte
795 2158 907 2214 terrae
935 2149 1027 2212 illius
1052 2165 1155 2213 ,xxu
1172 2168 1247 2212 aec-

194 2247 320 2312 clesiae
335 2268 425 2331 quae
439 2249 613 2314 uocitatur
629 2250 804 2327 Deanton,
821 2249 913 2332 quod
928 2248 1122 2330 Plegheard
1139 2249 1246 2313 abbas

193 2348 323 2411 dudum
350 2350 493 2414 tradidit
520 2350 564 2414 ad
592 2350 708 2414 sedem
742 2350 971 2433 episcopalem
1005 2368 1094 2431 quae
1128 2355 1181 2412 est
1210 2349 1247 2412 in

195 2448 370 2530 Selesegh,
384 2468 462 2514 eum
480 2469 624 2533 corpore
642 2469 718 2527 suo,
736 2451 828 2532 quod
844 2451 876 2513 ei
890 2470 954 2514 rex
966 2449 1046 2513 Offa
1060 2450 1148 2513 ante¹
1164 2468 1246 2514 con·

195 2547 388 2613 donauerat
414 2551 723 2633 etconscripserat
746 2550 788 2613 de
815 2548 1028 2614 haereditate
1059 2549 1246 2614 aecclesiae

197 2648 519 2732 Bedingehommes,
540 2670 645 2734 quam
664 2651 739 2732 ipse
760 2650 825 2715 sibi
849 2650 1060 2733 adquisierat
1073 2649 1112 2712 in
1129 2649 1248 2716 haere·

196 2748 338 2814 ditatem
368 2751 554 2834 propriam.
605 2751 706 2814 Tune
721 2750 757 2813 in
780 2749 938 2833 praefata
963 2749 1095 2833 synodo
1118 2749 1247 2813 iudica·

196 2855 271 2913 tum
295 2857 411 2915 estut
438 2850 497 2915 ille
519 2852 713 2934 episcopua,
736 2869 813 2914 cum
842 2870 1010 2915 consensu
1039 2856 1074 2914 et
1098 2850 1250 2913 unanimi

198 2949 343 3014 consilio
368 2950 607 3033 episcoporum
639 2958 675 3016 et
698 2951 862 3015 abbatum
891 2971 953 3015 seu
983 2950 1188 3033 principum,
1212 2950 1249 3013 in

196 3048 251 3113 ius
270 3051 448 3133 proprium
474 3051 661 3121 aecclesiae
687 3050 934 3115 haereditatem
951 3051 1026 3114 sine
1042 3050 1114 3113 ullo
1131 3051 1249 3114 obsta-

197 3149 277 3232 culo
304 3149 474 3233 accipiat;
510 3151 602 3216 sicut
629 3158 665 3215 et
687 3158 767 3216 ante
799 3152 895 3234 prius
924 3157 961 3214 at
983 3147 1164 3232 Caelchyde
1197 3150 1251 3213 iu·

197 3249 349 3314 dicatum
367 3257 420 3314 est
434 3249 525 3315 inter
543 3250 747 3317 Coenulfum
768 3271 883 3333 regem
901 3258 937 3315 et
951 3249 1190 3315 Wehthunnm
1208 3251 1251 3314 de

198 3350 350 3415 eiusdem
385 3357 498 3415 terrae
537 3352 786 3434 assumptione,
828 3370 943 3416 coram
988 3349 1249 3434 archiepiscopo

199 3449 437 3529 AEttilheardo,
455 3452 559 3515 tertio
587 3471 676 3515 anno
696 3451 852 3516 Coenulti
869 3452 970 3532 regis
1008 3450 1054 3514 Et
1070 3450 1156 3514 haec
1172 3459 1252 3515 acta

198 3556 278 3614 sunt
295 3568 410 3615 coram
428 3550 519 3615 omni
534 3552 679 3616 consilio
694 3559 732 3616 at
749 3551 968 3629 Clobeshom,
985 3570 1062 3614 cum
1080 3570 1250 3614 consensu

199 3656 234 3714 et
262 3649 403 3715 licentia
435 3651 527 3733 regis
555 3659 590 3716 et
617 3653 810 3734 principum
842 3659 877 3716 et
905 3651 1252 3733 archiepiscoporum,

196 3769 344 3832 quorum
387 3751 528 3815 nomina
571 3751 662 3816 infra
699 3759 921 3830 annotantur,
959 3759 995 3817 et
1033 3770 1112 3815 eum
1150 3751 1250 3832 signo

197 3856 340 3914 sauctae
367 3852 478 3915 crucis
511 3850 640 3917 Christi
676 3853 923 3934 impresserunt
959 3859 994 3916 et
1025 3850 1251 3916 confirmaue-

198 3957 291 4014 runt.

156 4097 159 4101 -
257 4050 334 4132 Ego
353 4049 556 4115 Wulsredus
584 4050 862 4135 archiepiscopus
896 4051 1033 4132 signum
1067 4051 1252 4117 saluatoris

197 4169 261 4233 pro
279 4151 437 4234 ampliori
453 4150 615 4217 firmitate
632 4153 819 4218 conscribo
837 4161 872 4216 et
895 4151 1059 4216 confirmo
1076 4151 1139 4216 has
1155 4153 1250 4218 testi-
