2888 4890
190 344 256 411 368
395 364 398 369 ·
444 357 623 405 ,casuras
645 358 980 406 sucnosaxourcau

193 516 486 582 conscribentibus
513 534 661 598 quorum
694 515 834 580 nomina
864 515 919 578 hic
946 522 1133 598 ponuntur.
1189 513 1249 576 ln·

195 618 376 682 terdictum
416 616 462 679 sit
499 618 592 680 omui
630 615 818 680 christiano
854 616 891 679 in
930 615 1067 679 nomine
1105 622 1250 678 sanctae

196 718 359 783 trinitatis
392 716 457 780 hoc
491 716 619 780 donum
650 723 784 781 mutare
818 716 875 779 uel
904 715 1066 796 fungere,
1095 714 1252 798 alioquin

197 817 380 882 anathema
403 818 449 881 sit
471 836 493 880 a
520 817 585 881 deo
609 823 644 881 et
666 815 875 894 hominibus,
891 815 958 879 nisi
978 816 1073 898 prius
1091 815 1254 880 emendat

197 919 311 1000 digne.

256 1022 296 1100 »14
329 1017 405 1100 Ego
428 1017 589 1099 Eaduuig
617 1038 680 1082 rex
702 1016 897 1100 Anglorum
925 1017 990 1081 hoc
1017 1016 1145 1080 donum
1169 1034 1249 1078 cum

196 1119 371 1201 triumpho
401 1126 542 1182 sanctae
566 1119 676 1182 crucis
706 1119 874 1201 impressi.
949 1120 988 1199 »14
1015 1117 1091 1197 Ego
1107 1115 1251 1197 Eadgar

197 1218 305 1282 frater
321 1218 472 1283 eiusdem
490 1219 582 1300 regis
599 1218 809 1282 confirmaui.
875 1220 914 1299 »14
936 1217 1011 1298 Ego
1031 1214 1108 1280 Oda
1136 1215 1250 1280 archi·

199 1320 381 1403 episcopus
424 1318 636 1383 confirmaui.
718 1321 757 1400 »14
787 1318 864 1398 Ego
890 1317 1038 1399 AElfsige
1064 1318 1250 1399 episcopus

198 1419 410 1484 confirmaui.
487 1421 526 1500 »14
562 1418 638 1499 Ego
663 1416 769 1481 Osulf
798 1418 980 1500 episcopus
1013 1417 1248 1481 corroboraui.

204 1523 244 1601 »14
266 1521 342 1602 Ego
359 1519 538 1602 Byrhtelm
564 1519 748 1601 episcopus
776 1517 858 1582 faui.
933 1521 972 1600 »14
992 1518 1067 1599 Ego
1087 1515 1250 1597 Unlfsige

199 1620 380 1702 episcopus
405 1619 546 1683 dictaui.
627 1621 666 1700 »14
697 1618 773 1699 Ego
789 1618 916 1682 Daniel
949 1618 1132 1700 episcopus
1166 1618 1249 1680 sub·

199 1720 332 1801 scripsi.
404 1721 443 1800 »14
467 1719 543 1800 Ego
559 1719 742 1783 AEttelstan
761 1720 846 1783 dux.
914 1720 953 1799 »14
975 1717 1052 1799 Ego
1068 1716 1250 1798 AE’6elsige

201 1818 307 1885 dux.⁴
342 1818 650 1901 ›14EgoAElfhere
672 1819 754 1882 dux.
812 1821 851 1900 »14
872 1817 948 1900 Ego
965 1817 1147 1881 Eadmund
1164 1816 1247 1879 dux.

205 1918 579 2000 ›14EgoAEt5elwuold
605 1919 690 1982 dux.
762 1921 801 2000 »14
828 1919 905 2000 Ego
924 1917 1132 1982 AEttelmund
1164 1918 1250 1981 dux.

205 2021 244 2102 »14
274 2019 349 2100 Ego
368 2019 506 2100 AEll'gar
532 2019 694 2083 minister.
759 2017 1102 2101 ›14EgoBryhtl'er’6
1133 2017 1252 2081 minis-

200 2127 264 2183 ter.
345 2121 384 2200 »14
417 2118 493 2200 Ego
521 2119 683 2183 AEll'hcah
717 2120 882 2183 minister.
961 2120 1000 2199 »14
1035 2117 1111 2199 Ego
1134 2115 1251 2181 AEbel-

199 2218 304 2300 geard
329 2219 493 2282 minister.
567 2222 606 2301 »14
630 2219 706 2302 Ego
720 2218 859 2301 AElfryd
885 2219 1052 2283 minister.
1109 2219 1148 2298 »14
1172 2217 1250 2299 Ego

200 2317 384 2403 AEttylmer
400 2319 565 2384 minister.

664 2409 785 2420 ..ι-..-

617 2535 833 2601 Mcxcvr.

568 2659 787 2764 ninum,
809 2687 884 2750 956.

253 2822 296 2907 »14
320 2821 365 2886 ΙΝ
384 2821 520 2884 nomine
546 2818 599 2883 dei
625 2820 732 2902 patris
758 2828 793 2885 et
815 2819 877 2883 filii
901 2826 937 2884 et
962 2820 1103 2903 spiritus
1127 2823 1251 2899 sancti,

200 2921 334 2988 Amen!
386 2919 499 2986 Adam
520 2920 575 2983 dei
597 2920 842 3002 omnipotentis
869 2929 956 2985 nutu
980 2928 1188 3002 protogenes
1206 2942 1252 2985 ex

199 3022 336 3086 informi
358 3021 504 3085 materia
521 3027 670 3097 creatus
688 3021 723 3082 in
738 3019 904 3103 Edenque
932 3028 1117 3104 praecepto
1141 3022 1253 3085 trinae

201 3122 432 3205 simplicitatis
464 3120 636 3185 custodito
668 3120 834 3185 foeliciter
862 3120 1051 3185 collocatus
1078 3121 1153 3184 sine
1188 3121 1253 3186 ali-

201 3225 299 3286 cuius
316 3220 475 3284 elementi
490 3221 750 3304 perturbatione
766 3222 900 3297 uiueus,
914 3221 1018 3302 culpa
1035 3221 1139 3284 etiam
1155 3240 1255 3303 prae-

202 3321 423 3386 uaricationis
445 3321 588 3384 inuenta
609 3320 735 3384 exinde
758 3329 911 3385 actutum
934 3320 1102 3403 expulsus
1125 3321 1160 3383 in
1190 3321 1254 3386 has

201 3422 357 3485 diuersas
375 3420 467 3484 orbis
484 3421 607 3504 plagas
632 3439 709 3483 cum
736 3421 903 3502 ergastuli
928 3440 1118 3504 aerumpna
1143 3441 1255 3504 usque

202 3523 246 3587 ad
261 3521 398 3585 termini
415 3521 470 3584 sui
492 3521 633 3596 calcem,
652 3521 755 3584 sicuti
772 3521 873 3585 modo
890 3521 926 3584 in
950 3520 1022 3584 suis
1046 3523 1255 3604 postgenitis

201 3629 358 3706 apparet,
375 3621 484 3685 uitam
507 3620 748 3684 miserabiliter
767 3621 890 3684 finiens
915 3629 1060 3685 mortem
1085 3621 1253 3685 minatam

201 3722 355 3806 pertulit,
371 3740 412 3785 ac
429 3719 551 3783 deiude
573 3739 635 3802 per
650 3721 788 3784 diuersa
806 3723 957 3804 quinque
972 3718 1136 3786 zonarum
1151 3721 1254 3787 linia-

204 3828 321 3885 menta
344 3813 493 3884 eiusdem
512 3819 680 3902 praedicti
697 3822 897 3902 protogenis
919 3822 1036 3904 ampla
1059 3822 1257 3886 innumera·

201 3920 330 4003 bilique
350 3920 541 4003 pullulante
566 3921 740 4003 prosapia,
762 3941 832 3984 non
850 3920 961 3984 solum
981 3921 1196 4004 patriarchas
1220 3931 1258 3987 et

199 4020 397 4103 prophetae,
423 4021 648 4084 uerumetiam
674 4028 709 4085 et
732 4041 830 4102 reges
852 4041 930 4084 cum
953 4021 1098 4085 caeteris
1127 4020 1258 4087 diuersi

201 4116 329 4186 ordinis
364 4120 618 4185 conditionibus
648 4120 737 4184 idem
765 4121 894 4185 crimen
924 4122 1113 4205 eademque
1142 4141 1259 4204 poena
