2888 4890
190 337 255 403 104
283 370 286 375 ·
447 350 620 399 cusanus
643 347 988 396 rucnosnxourcns.

192 517 316 590 natur3
339 510 419 574 inde
436 529 481 574 on
503 509 835 591 Hegsteldescumb;
863 514 899 572 et
919 508 970 571 sic
986 507 1030 571 ad
1046 507 1161 571 locum
1184 509 1241 590 qui

191 617 344 675 stan-tor
360 611 501 684 dicitur;
529 610 608 674 hinc
631 609 674 672 ad
692 608 784 673 sacch
801 609 907 687 br0c3
931 615 966 672 et
982 608 1031 672 sic
1051 609 1086 672 in
1104 607 1244 671 flumine

192 711 284 794 quod
298 711 375 775 Tan
390 710 601 785 nominatur;
628 717 663 773 et
676 710 727 774 sic
739 729 802 792 per
813 709 905 772 aluei
920 710 1099 773 decursum
1116 709 1244 790 quoad·

192 831 301 894 usque
319 810 538 894 perueniatur
554 811 678 873 iterum
694 810 730 873 in
749 809 1021 891 Beaddingbroc.

248 915 287 995 »14
302 911 379 994 Ego
397 908 562 974 AEiielwlf
574 930 648 975 rex.
706 912 745 991 »14
770 909 846 991 Ego
863 910 1033 974 Ealhstan
1049 910 1244 992 episcopus.

198 1014 237 1094 »14
260 1013 336 1094 Ego
357 1011 523 1076 Swi'6hun
541 1011 734 1094 episcopus.
792 1011 831 1091 »14
855 1010 931 1092 Ego
954 1007 1134 1073 AEtelbald
1158 1009 1244 1073 dux.

198 1113 237 1192 »14
260 1111 337 1194 Ego
354 1110 454 1175 Osric
470 1111 553 1174 dux.
609 1113 648 1192 »14
670 1109 747 1192 Ego
762 1109 953 1175 Wultlraere
968 1111 1051 1173 dux.
1108 1111 1147 1191 »14
1169 1109 1246 1191 Ego

195 1212 403 1295 AEiielbryht
430 1211 514 1275 dux.
584 1213 623 1292 »14
653 1209 730 1291 Ego
760 1209 913 1274 Lulhede
944 1210 1029 1274 dux.
1094 1212 1133 1292 »14
1168 1210 1246 1291 Ego

195 1313 329 1376 Eanuls
344 1312 428 1376 dux.
485 1313 524 1392 »14
554 1309 630 1392 Ego
646 1310 785 1375 Wullas
797 1312 914 1374 abbas.
973 1312 1012 1391 »14
1035 1311 1112 1392 Ego
1130 1309 1245 1375 Waer·

195 1413 269 1476 fers
299 1413 417 1476 abbas.
475 1412 514 1492 »14
538 1410 614 1493 Ego
638 1410 803 1475 AE'6elred
833 1410 922 1475 filius
944 1411 1048 1492 regis.
1106 1414 1145 1493 »14
1168 1410 1246 1492 Ego

195 1512 331 1576 AElfred
347 1513 438 1575 filius
457 1510 562 1592 regis,
619 1513 658 1592 »14
679 1510 756 1593 Ego
774 1509 866 1574 Esne
882 1511 1047 1575 minister.
1105 1510 1246 1592 »14Εςο

196 1611 378 1676 Cenewuls
413 1611 576 1674 minister.
648 1613 687 1692 »14
726 1609 802 1691 Ego
844 1610 1028 1694 Cyneheah
1075 1612 1244 1675 minister.

201 1714 240 1793 »14
285 1711 362 1793 Ego
396 1710 586 1776 Gu'omund
630 1711 794 1775 minister.
866 1714 904 1793 »14
943 1710 1020 1792 Ego
1054 1711 1246 1774 AEscheard

195 1813 361 1876 minister.
419 1812 457 1891 »14
479 1810 556 1891 Ego
574 1810 728 1874 Osmund
746 1810 912 1874 minister.
966 1813 1005 1892 »14
1029 1810 1104 1892 Ego
1121 1811 1246 1875 Milred

195 1913 359 1976 minister.
416 1913 455 1992 »14
478 1910 554 1991 Ego
578 1910 709 1991 Egculf
728 1911 894 1975 minister.
951 1913 992 1990 »14
1015 1911 1090 1992 Ego
1109 1909 1248 1992 Lulling

195 2012 362 2077 minister.
419 2012 457 2091 »14
479 2009 555 2091 Ego
571 2010 729 2076 Wulfred
746 2011 913 2074 minister.
981 2013 1021 2093 »14
1049 2010 1125 2092 Ego
1140 2011 1248 2075 Ealh-

196 2119 275 2176 stan
307 2110 474 2175 minister.
542 2113 581 2192 »14
619 2109 695 2192 Ego
727 2110 838 2192 Cyrna
867 2110 1034 2174 minister.
1103 2113 1142 2193 »14
1172 2112 1248 2193 Ego

197 2211 333 2276 Eadred
350 2211 515 2274 minister.
558 2213 597 2292 »14
617 2209 693 2292 Ego
712 2210 891 2274 Eadmund
909 2209 1074 2274 minister.
1113 2213 1153 2293 »14
1172 2212 1248 2293 Ego

197 2311 355 2377 Cenewls
374 2310 540 2373 minister.

660 2406 781 2418 —

648 2509 797 2576 MLIII.

348 2661 369 2703 *
383 2657 669 2730 AEDELUULF
693 2658 757 2722 OF
779 2658 996 2745 WESSEX,
1020 2660 1095 2724 854.

245 2814 284 2893 »14
313 2810 521 2874 RnoNANru
550 2809 801 2893 imperpetuum
826 2809 963 2873 domino
993 2817 1111 2874 nostro
1142 2810 1247 2875 Ihesu

199 2911 340 2975 Christo
370 2909 522 2972 omnium
554 2909 741 2972 nisibilium
759 2918 794 2973 et
816 2909 1038 2972 inuisibilium
1056 2930 1190 2975 summo
1212 2919 1248 2976 et

197 3009 360 3074 ineffabili
378 3005 561 3072 creatore!
624 3007 767 3072 Cunctis
799 3016 897 3091 patet
921 3009 1125 3074 mortalibus
1156 3012 1249 3093 quod

197 3117 323 3174 cuncta
340 3127 429 3191 quae
445 3107 606 3171 uidentur
624 3108 725 3172 finem
744 3109 872 3172 habent
889 3115 924 3172 et
940 3128 1029 3191 quae
1047 3130 1115 3173 non
1130 3111 1250 3175 uiden-

197 3218 255 3275 tur
278 3215 419 3273 aeterna
444 3214 544 3281 sunt;
574 3216 787 3291 quapropter
810 3229 875 3290 ego
889 3209 1023 3286 AE’ouls,
1049 3210 1248 3276 celsithroni

197 3311 337 3374 fauente
355 3307 549 3384 clementia,
564 3328 625 3370 rex
645 3307 917 3372 Occidentalium
934 3309 1125 3388 Saxonum,
1137 3330 1248 3393 quan-

198 3410 275 3473 dam
291 3408 380 3472 ruris
394 3415 527 3489 partem
551 3408 682 3471 scilicet
696 3428 767 3472 .xx.
789 3427 928 3471 mansas
943 3416 989 3473 eet
1006 3409 1249 3494 Wenbeorgeu

199 3530 276 3574 cum
300 3508 457 3572 omnibus
479 3507 522 3571 ad
544 3527 581 3570 se
604 3508 669 3571 rite
691 3508 953 3589 pertinentibus
977 3528 1054 3572 cum
1078 3530 1248 3576 consensu

198 3609 401 3693 optimatum
419 3627 584 3684 meorum,
597 3608 735 3690 quando
752 3608 918 3671 decimam
935 3617 1068 3690 partem
1081 3616 1249 3675 terrarum

198 3730 259 3793 per
275 3728 375 3773 omne
390 3727 532 3788 regnum
544 3727 657 3770 meum
672 3709 801 3772 sanctis
815 3708 991 3773 aecclesiis
1004 3710 1086 3773 dare
1101 3709 1250 3790 decreui,

199 3811 277 3874 dedi
307 3808 410 3872 etiam
443 3806 630 3871 aecclesiae
665 3808 898 3873 Wintoniensi
931 3828 1019 3890 quae
1052 3808 1088 3871 in
1119 3809 1250 3876 honore

199 3913 377 3974 beatorum
407 3907 641 3990 apostolorum
676 3907 773 3971 Petri
803 3915 837 3972 et
868 3907 970 3972 Pauli
1000 3909 1159 3974 dedicata
1185 3919 1251 3990 est,

200 4009 411 4090 eandemque
444 4013 571 4071 terram
603 4007 780 4090 praefatae
813 4008 998 4072 aecclesiae
1033 4011 1253 4076 aeternaliter

200 4107 391 4173 habendam
420 4107 585 4172 concessi.
650 4105 703 4171 Sit
732 4114 847 4171 autem
878 4109 1090 4190 praedictum
1123 4129 1182 4175 rus
1208 4113 1252 4176 ab
