2888 4890
411 413 414 419 ‚
460 384 633 432 cunnrnu
655 383 1015 434 nucuosnxomcrr.·
1185 368 1251 433 263

198 537 302 605 odda
334 541 489 606 minister
517 544 687 609 consensi.
771 547 810 627 ›1‹
838 545 914 626 Ego
940 544 1063 608 AElfric
1095 544 1249 608 minister

199 643 368 706 consensi.
449 644 488 725 ›1‹
521 644 597 726 Ego
623 644 849 708 Eadmundus
885 645 1040 710 minister
1077 645 1247 709 consensi.

204 742 244 822 »Β
261 741 338 824 Ego
353 742 527 826 Wulfsige
554 745 709 809 minister
724 747 891 810 consensi.
950 748 988 829 »1⁴
1010 746 1087 826 Ego
1104 744 1255 812 Wulfinf

199 841 355 907 minister
384 845 550 908 consensi.
614 847 654 927 »Β
686 846 763 928 Ego
787 846 951 928 Wihtgar
983 847 1138 910 minister
1166 865 1248 910 con-

200 945 305 1008 sensi.
362 944 495 1026 ›1⁴Ego
512 944 704 1010 AEdelwold
719 947 874 1010 minister
890 947 1059 1011 consensi.
1115 949 1154 1029 ›1‹
1171 945 1247 1026 Ego

201 1041 335 1107 AElsred
357 1045 511 1108 minister
533 1047 701 1110 consensi.
767 1048 805 1129 »1⁴
833 1048 910 1128 Ego
927 1046 1075 1112 Wulfric
1094 1046 1249 1110 minister

198 1145 368 1208 consensi.
411 1145 450 1225 ›1‹
468 1144 717 1226 EgoWulfgar
731 1148 887 1211 minister
904 1148 1069 1211 consensi.
1114 1148 1153 1228 ›1‹
1171 1146 1247 1226 Ego

200 1242 349 1327 AElt'sige
372 1244 527 1308 minister
542 1247 712 1310 consensi.
768 1249 808 1329 »Β
835 1247 911 1329 Ego
934 1245 1248 1311 Ordeahminister

199 1345 367 1409 consensi.
436 1345 566 1428 ›1⁴Ego
583 1345 709 1410 Eadric
726 1348 880 1412 minister
893 1349 1059 1412 consensi.
1116 1349 1155 1429 ›1‹
1170 1345 1246 1426 Ego

199 1443 381 1509 Ealhhelm
407 1445 563 1510 minister
585 1449 754 1511 consensi.
811 1449 850 1530 »ᾖ
871 1448 947 1529 Ego
966 1447 1071 1510 AElfsi
1092 1447 1248 1510 minister

197 1547 366 1612 consensi.
434 1547 473 1628 ›1‹
496 1546 573 1628 Ego
596 1546 760 1612 AEttelred
787 1549 941 1612 minister
966 1547 1132 1612 consensi.
1202 1547 1240 1628 »1⁴

199 1644 276 1727 Ego
286 1646 494 1712 AEdelmund
512 1647 667 1711 minister
682 1650 850 1714 consensi.
901 1650 941 1730 »Β
962 1649 1038 1729 Ego
1052 1644 1245 1712 Wulfhelm

198 1746 355 1812 minister
369 1748 538 1813 consensi.

660 1891 780 1903 “

597 2047 845 2114 mcxxxv.
897 2101 900 2105 ,

448 2169 749 2274 solonem,
773 2196 968 2262 amnem.

251 2349 290 2429 ›1‹
317 2346 554 2410 Eunnuuuus
577 2344 783 2409 AEnelstano
812 2346 912 2410 fratri
941 2347 1128 2411 succedens
1154 2348 1245 2414 ‘con-

195 2448 346 2511 firmauit
360 2445 547 2511 aecclesiae
564 2443 772 2510 Abbenduni
789 2445 1054 2511 Wachenesfeld
1072 2467 1150 2512 cum
1175 2470 1244 2514 om-

196 2549 297 2612 nibus
315 2547 359 2611 ad
382 2547 476 2611 illam
497 2547 630 2629 integre
646 2547 909 2629 pertinentibus,
927 2567 1031 2630 quam
1048 2550 1244 2631 praedictus

197 2648 374 2725 AElfricus,
396 2648 440 2712 de
470 2666 640 2711 consensu
667 2647 796 2711 domini
821 2648 876 2711 sui
913 2647 1004 2728 regis
1036 2646 1243 2728 AEdelstani,

194 2749 311 2814 domni
327 2747 578 2813 Abbenduniae
594 2749 631 2811 in
644 2767 765 2830 puram
780 2755 815 2812 et
828 2755 1031 2831 perpetuam
1048 2750 1244 2816 contulerat

193 2849 427 2925 elemosinam,
453 2848 518 2912 hac
555 2854 670 2912 tamen
707 2849 912 2925 conditione,
941 2854 981 2912 ut
1014 2848 1242 2916 Godescallus

194 2949 302 3014 abbas
331 2947 585 3013 Abbunduniae
612 2956 647 3012 et
676 2957 866 3013 conuentus
892 2948 1042 3012 eiusdem
1068 2948 1136 3015 loci
1163 2970 1244 3015 con-

193 3049 316 3114 cedent
341 3049 476 3114 cuidam
509 3055 689 3113 matronae
726 3048 853 3132 regalis
883 3048 1072 3132 progeniei,
1104 3053 1243 3117 nomine

193 3148 369 3226 AElfildae,
388 3148 567 3226 colebam,
585 3150 743 3214 omnibus
760 3149 879 3213 diebus
895 3149 988 3214 uitae
1002 3169 1086 3213 suae
1099 3151 1242 3216 liberam

192 3259 230 3315 et
254 3250 407 3334 quietam
431 3251 468 3314 in
498 3270 539 3314 ea
567 3249 678 3314 forma
701 3257 737 3314 et
765 3250 857 3315 omni
882 3249 1001 3315 eodem
1031 3257 1149 3316 tenore
1172 3273 1241 3336 quo

192 3371 256 3416 rex
281 3349 454 3415 Kenulfus
478 3349 650 3415 concessit
670 3351 845 3415 sororibus
872 3349 956 3428 sniS,
981 3370 1071 3434 quae
1099 3352 1243 3418 eandem

193 3451 312 3516 uillam
329 3449 409 3515 huie
427 3450 543 3514 domni
558 3449 810 3515 Abbenduniae
831 3451 1062 3528 contulerunt,
1086 3459 1125 3517 ut
1141 3473 1241 3535 prae-

192 3553 322 3617 dictum
343 3557 422 3624 est;
462 3558 604 3633 etpost
631 3550 808 3615 decessum
834 3552 943 3633 ipsius
962 3552 1124 3616 AElfildae
1156 3553 1241 3617 nilla

190 3658 380 3718 memorata
395 3650 487 3715 omni
504 3651 623 3715 eodem
639 3652 741 3716 modo
760 3651 804 3715 ad
819 3653 977 3734 proprios
994 3652 1241 3718 monachornm

191 3773 275 3819 usus
302 3757 516 3826 reuertetur;
544 3751 636 3833 quod
658 3753 778 3835 utique
800 3753 850 3816 sic
875 3752 1002 3815 factum
1029 3759 1094 3828 est,
1112 3773 1241 3819 memo·

191 3862 269 3919 rata
286 3851 429 3916 AElfilda
452 3852 596 3916 cedente
617 3852 653 3915 in
677 3852 797 3916 fatum.
861 3850 1005 3934 Sepulta
1027 3860 1080 3915 est
1098 3852 1242 3920 AElfilda

190 3962 350 4020 matrona
372 3953 442 4016 ista
465 3953 502 4016 in
529 3953 663 4036 capella
679 3972 784 4036 quam
808 3953 846 4016 in
869 3952 997 4016 honore
1025 3953 1137 4016 saneti
1154 3953 1239 4018 Uin

190 4055 299 4122 cencii
321 4051 575 4117 nedificauerat.
640 4054 758 4118 AErest
784 4073 829 4117 on
854 4051 1086 4135 Wylfingsord
1113 4072 1157 4116 on
1175 4055 1243 4119 Te·

190 4176 302 4234 mese;
327 4160 399 4220 naet
427 4152 468 4217 os
488 4152 745 4237 Wylfingaford
772 4153 926 4236 andlang
952 4139 1020 4216 ane
1051 4153 1159 4218 smale
1183 4146 1240 4221 dic
