2888 4890
469 369 643 418 susurru
666 370 1013 423 Auorosnxomcnu.
1194 359 1260 424 203

208 501 329 580 fliete,
345 509 383 567 et
396 503 535 568 dabitur
550 504 671 568 uobis.’
724 504 807 584 Qua
820 505 863 568 de
883 525 934 582 re,
944 504 1070 570 'infima
1087 507 1186 590 quasi
1200 528 1257 589 pe·

207 601 357 684 ripsema
389 604 653 687 quisquiliarum
687 604 864 682 abiiciens,
885 625 1034 687 superna
1067 607 1111 670 ad
1145 608 1256 672 instar

205 705 455 788 praetiosorum
483 704 661 769 monilium
684 704 829 786 eligens,
854 706 1007 769 animum
1037 708 1255 789 sempiternis

203 803 242 893 iu
255 804 393 887 gaudiis
407 803 582 886 figens,ad
598 803 859 870 nanciscendam
871 805 1056 870 mellifluae
1068 807 1257 872 dulcedinis

203 903 472 997 misericordiam
488 903 793 987 perimendamque
804 905 960 971 infinitae
968 906 1121 971 laetitiae
1136 907 1255 972 iocun-

204 1005 361 1083 ditatem,
383 1024 449 1086 ego
466 1003 694 1068 AEiielstanus
708 1023 773 1068 rex
791 1002 996 1087 Auglorum,
1012 1026 1075 1089 per
1096 1009 1253 1091 omnipa-

204 1104 330 1171 trautis
351 1102 532 1171 dexteram
553 1103 660 1167 totius
682 1105 885 1170 Britanniae
910 1107 1009 1188 regni
1035 1107 1123 1171 solio
1146 1109 1254 1173 subli-

202 1211 328 1283 matus,
344 1205 518 1287 quandam
529 1203 663 1269 telluris
677 1205 883 1287 particulam
896 1225 973 1270 meo
989 1206 1081 1270 fideli
1098 1207 1254 1273 ministro

203 1305 405 1382 Wulinoiio,
423 1304 528 1369 idest
551 1319 612 1368 .v1.
628 1312 841 1369 cassatorum
858 1305 894 1368 in
915 1305 993 1371 loco
1009 1325 1111 1388 quem
1127 1309 1252 1374 solico-

202 1406 256 1470 lae
271 1414 318 1471 eet
334 1406 593 1470 Bulweswurbe
608 1404 776 1482 uocitant,
795 1405 920 1482 tribuo,
942 1411 981 1469 ut
999 1405 1058 1469 ille
1079 1426 1156 1470 eam
1177 1408 1252 1473 sine

201 1505 284 1590 iugo
301 1505 526 1571 detestandae
538 1503 728 1581 seruitutis,
741 1524 820 1568 cum
838 1505 959 1588 pratis,
976 1508 1126 1588 pascuis,
1142 1507 1253 1586 siluis,

201 1606 323 1670 riuulis
343 1604 571 1688 omnibusque
592 1604 638 1669 ad
660 1623 735 1669 eam
758 1604 967 1670 utilitatibus
990 1605 1056 1670 rite
1078 1607 1252 1690 pertinen·

200 1708 293 1772 tibus
320 1705 507 1770 liberaliter
535 1724 577 1769 ac
612 1704 843 1788 aeternaliter,
869 1706 1034 1788 quamdiu
1059 1707 1159 1773 uiuat
1189 1708 1251 1772 ha·

198 1809 293 1883 beut3
318 1813 449 1889 etpost
466 1805 674 1888 generalem,
696 1805 756 1888 qui
777 1806 937 1869 omnibus
955 1813 1071 1871 certus
1088 1807 1253 1872 incertus·

112 1901 119 1913 ’
196 1927 263 1992 que
285 1905 501 1973 homunculis
519 1912 667 1981 constat,
688 1906 872 1970 transitum
894 1906 1096 1990 cuicumque
1116 1927 1250 1972 succes·

199 2009 304 2074 sionis
346 2006 486 2070 haeredi
519 2005 669 2070 uoluerit
709 2006 745 2069 in
786 2014 989 2089 perpetuum
1023 2007 1253 2092 derelinquat·

200 2102 384 2172 Praedicta
411 2105 579 2188 siquidem
615 2105 717 2170 tellus
744 2105 798 2169 his
824 2106 977 2170 terminis
1008 2108 1253 2173 circumcincta

199 2208 369 2274 clarescit.
421 2203 558 2271 AErest¹
576 2225 622 2270 on
645 2209 737 2270 bone
760 2205 885 2270 ealdan
899 2196 1115 2280 tribwstede;
1140 2206 1250 2272 bonne

197 2329 241 2374 on
274 2326 387 2391 rugan
419 2296 526 2386 siffid3
560 2305 713 2387 andlang
742 2297 867 2370 sleiedes
897 2310 943 2370 oti
973 2304 1042 2370 bees
1072 2306 1250 2389 furlanges

198 2409 315 2484 sende3
338 2411 453 2473 bonne
475 2426 520 2470 on
544 2425 657 2488 rugan
682 2406 782 2486 hiorg
805 2405 1090 2487 middewiardne3
1115 2412 1188 2472 aaet
1214 2408 1254 2474 oi

197 2528 309 2592 rugan
336 2509 457 2588 biorge
483 2526 528 2571 ou
556 2504 696 2570 haioces
723 2513 805 2588 pyt3
830 2506 984 2588 ondlang
1011 2506 1083 2571 ri’ae
1107 2505 1175 2572 beet
1203 2528 1248 2573 on

197 2608 284 2674 bone
300 2607 396 2693 peebe
414 2605 455 2670 lie
472 2597 523 2671 lic
543 2609 685 2692 pwyres.
736 2605 774 2669 Si
796 2612 925 2683 autem,
941 2606 1034 2689 quod
1056 2626 1125 2670 non
1150 2615 1249 2691 opta-

198 2730 286 2787 mus,
304 2708 430 2792 aliquis
446 2706 616 2771 diabolico
629 2705 772 2770 indatus
788 2706 924 2787 spiritu,
939 2706 1030 2770 hanc
1045 2726 1142 2770 meae
1156 2727 1249 2773 com-

195 2811 377 2895 positionis
399 2826 440 2872 ac
463 2806 730 2872 confirmationis
752 2795 963 2871 hreuiculam
984 2805 1170 2889 infringere
1190 2809 1247 2873 uel

196 2912 322 2976 elidere
343 2908 578 2991 temptauerit,
597 2907 684 2970 sciat
707 2925 745 2970 se
768 2906 956 2971 nouissima
975 2925 1016 2970 ac
1036 2926 1163 2990 magna
1184 2929 1247 2980 eu·¹

195 3009 413 3076 eminationis
430 3008 496 3085 die,
513 3006 661 3071 stridula
680 3007 862 3089 clangente
874 3007 1073 3089 archangeli
1090 3009 1247 3087 buccina,

194 3114 305 3177 bustis
319 3116 443 3194 sponte
454 3106 707 3171 dehiscentibus
719 3114 856 3171 somata
871 3106 929 3170 diu
945 3107 1038 3172 sessa
1052 3107 1248 3193 relinquen·

93 3236 97 3248 ·
194 3214 300 3290 tibus,
321 3210 480 3276 omnihus
503 3206 697 3291 pauefactis
727 3207 907 3285 creaturis
923 3227 1001 3272 cum
1015 3207 1106 3273 Iuda
1131 3210 1246 3292 prodi-

195 3321 280 3390 tore,
303 3311 364 3396 qui
390 3330 412 3374 a
439 3308 565 3374 satoris
597 3314 739 3390 prosato
761 3307 852 3372 filius
883 3308 1084 3390 perditionis
1107 3309 1244 3388 dicitur,

193 3421 335 3480 aeterna
357 3410 560 3476 confusione
584 3408 746 3472 edacibus
773 3407 1073 3485 innumerabilium
1098 3416 1246 3475 tormen·

195 3522 308 3580 torum
325 3511 473 3576 flammis
496 3509 698 3593 periturum.
750 3507 867 3571 Huius
884 3528 1032 3592 namque
1050 3509 1114 3573 deo
1136 3509 1244 3574 domi·

192 3634 305 3698 noque
317 3612 420 3677 Ihesu
434 3609 572 3675 Christo
584 3608 773 3691 inspiratae
784 3615 889 3692 atque
903 3609 1065 3673 inuentae
1080 3610 1243 3674 uolunta-

191 3716 237 3779 tis
250 3713 391 3779 scedula
402 3731 493 3776 anno
502 3709 693 3775 dominicae
707 3709 953 3773 incarnationis
966 3711 1242 3774 .occcc⁰.xxxi⁰.

190 3814 289 3897 regni
311 3833 393 3877 uero
416 3811 526 3894 gratis
549 3809 632 3874 mihi
658 3809 841 3873 commisso
871 3810 1029 3892 septimo,
1055 3808 1242 3874 indictione

191 3917 285 3980 .1111⁸.
320 3920 443 3997 epacta
468 3910 575 3988 nulla,
608 3916 833 3974 concurrente
862 3924 906 3974 .ν.
938 3909 1014 3973 idus
1050 3925 1124 3972 ΝΠ.
1158 3910 1241 3976 luna

190 4016 363 4083 .xx⁸v111⁸.
380 4015 416 4078 in
440 4013 525 4077 uilla
547 4010 656 4092 regali
674 4010 764 4092 quae
789 4019 836 4075 eet
851 4010 1006 4075 Welowe
1021 4019 1242 4092 nuncupatur

589 4125 598 4159 ¹
618 4129 675 4179 MS.
692 4128 735 4178 An
746 4134 821 4179 earet
