2888 4890
249 329 314 395 144
508 348 680 397 cunnrnn
703 348 1049 397 nucnosnxourcnn

659 603 902 670 MLXXVL

480 778 665 858 BISHOP
688 777 988 855 DENEWULF,
1010 777 1087 841 900.

307 904 345 983 ›1‹
366 900 631 968 Annrrrornuru
652 923 720 967 uno
737 923 777 968 ac
795 904 885 968 trino
903 903 1151 985 dispensatore,
1168 922 1306 986 semper

252 999 578 1067 incommutabiliter
604 1005 720 1066 omnia
745 1003 848 1066 simul
875 1002 1024 1066 uisibilia
1054 1010 1090 1066 ct
1115 1002 1306 1068 inuisibilia

251 1099 292 1163 de
317 1121 451 1168 summa
483 1102 564 1167 sede
593 1104 785 1168 maiestatis
810 1122 893 1167 suae
922 1102 1158 1166 ordinabiliter
1184 1110 1220 1167 et
1246 1123 1305 1167 sa·

251 1200 386 1282 pienter
396 1204 621 1284 gubernante,
636 1203 838 1285 cunctisque
853 1203 1045 1266 nisibilibus
1053 1203 1310 1284 'perpetualiter'

251 1301 577 1379 subterlabentibus,
609 1310 644 1366 et
674 1303 825 1368 maxime
849 1291 950 1367 'statu
983 1302 1122 1365 humani
1155 1303 1304 1384 generiS,

252 1401 492 1466 miserabiliter
508 1401 690 1467 cotidianis
707 1403 896 1467 defectibus
913 1402 1109 1466 decidente!
1164 1400 1219 1466 Ne
1243 1411 1310 1468 aut

250 1500 348 1565 fusca
370 1502 555 1579 obliuione,
578 1509 640 1566 aut
663 1503 797 1568 incuria
822 1502 985 1578 desidiae,
1008 1507 1070 1565 aut
1091 1501 1305 1584 negligentia

250 1601 423 1682 pigritiae,
438 1601 481 1666 de
498 1603 663 1666 memoria
679 1603 911 1686 praesentium
929 1608 991 1666 aut
1007 1601 1050 1665 de
1067 1602 1212 1666 scicntia
1227 1622 1305 1667 suc-

250 1718 424 1764 cessorum
440 1709 636 1767 nostrorum
653 1690 847 1767 delerentur
861 1721 903 1766 ea
919 1702 1059 1785 quaein
1075 1703 1202 1765 nostris
1218 1710 1304 1766 tem-

250 1800 392 1881 poribus
408 1801 533 1865 relatui
548 1802 654 1884 digna
665 1802 759 1867 dicta
773 1803 830 1866 uel
845 1802 940 1866 facta
955 1808 1047 1865 sunt.
1080 1800 1304 1885 Quapropter

250 1899 444 1963 litterarum
486 1903 719 1966 caracteribus
758 1901 996 1967 commendare
1040 1903 1302 1983 procurauiinus

251 1999 356 2081 quod.
378 2000 573 2080 Denewulf,
596 2001 654 2065 ille
684 2003 890 2066 uenerabilis
918 2001 1117 2065 Wintoniae
1149 2003 1311 2067 ciuitatis

251 2100 408 2178 antistes,
431 2110 536 2183 atque
568 2102 808 2166 decentissima
833 2103 894 2166 illa
919 2102 1112 2166 communio
1142 2101 1308 2180 fratrum·

250 2199 376 2262 ibidem
400 2201 538 2265 assidue
560 2200 687 2265 deuota
710 2209 823 2266 mente
845 2204 881 2265 in
906 2200 1024 2264 diuino
1048 2201 1190 2265 seruitio
1208 2221 1303 2266 com·

251 2300 470 2377 morantium,
488 2301 639 2383 aliquam
657 2309 791 2384 partem
809 2302 1064 2384 possessionum
1083 2301 1213 2385 proprii
1230 2304 1303 2385 pri-

251 2399 370 2480 uilegii
389 2408 645 2465 commutauere
659 2401 757 2484 ‘apud
781 2401 942 2483 Or[d]laf
958 2401 1117 2465 comitem
1139 2421 1202 2484 pro
1225 2402 1304 2467 aliis

251 2500 524 2581 possessionibus
542 2502 595 2565 sui
610 2502 740 2584 proprii
757 2502 854 2577 iuris
865 2521 943 2564 cum
959 2499 1097 2564 decreto
1115 2511 1149 2564 et
1164 2501 1305 2567 licentia

252 2598 436 2663 Eadwardi
459 2601 551 2682 regis
568 2608 603 2665 et
621 2602 827 2684 optimatum
844 2620 983 2664 suorum
1001 2620 1147 2683 quorum
1163 2602 1305 2667 nomina

251 2700 370 2763 subter
387 2708 554 2764 caraxata
571 2708 662 2765 sunt.
708 2701 860 2765 Nomina
876 2701 1145 2765 autem‘illarum
1161 2710 1301 2783 posses-

250 2799 386 2863 sionum
414 2820 502 2883 quas
516 2820 591 2866 snos
619 2801 671 2864 illi
696 2801 901 2865 donauimus
930 2800 1021 2864 haec·
1040 2809 1122 2864 sunt
1149 2817 1199 2865 .x.
1228 2802 1303 2865 ma-

251 2909 372 2962 nentes
398 2900 434 2962 in
461 2900 521 2965 illo
553 2901 678 2966 celebri
710 2901 786 2964 loco
815 2900 875 2983 qui
902 2900 1079 2964 Saxonica'
1105 2900 1226 2982 lingua
1255 2888 1303 2966 at

254 2997 403 3080 Lidgerd
424 2999 567 3074 dicitur;
591 3020 655 3083 pro
674 3000 735 3064 illa
755 3007 871 3064 autem
888 3019 994 3064 causa
1010 3001 1229 3082 quaesiuerat
1245 3002 1305 3066 ille

125 3090 128 3097 ⁴
252 3117 366 3161 comes
385 3099 526 3162 eandem
546 3108 671 3165 terram
692 3101 735 3162 ab
757 3101 818 3164 illa
845 3101 1031 3164 uenerabili
1052 3100 1182 3164 familia
1201 3092 1303 3165 Win-

250 3199 365 3262 toniae
385 3199 537 3263 ciuitatis
557 3201 639 3281 quia
660 3220 743 3264 suus
765 3199 1138 3267 auusEanulfcomes
1160 3200 1309 3266 dederat·

251 3297 399 3363 camilli
420 3298 570 3364 familiae
592 3300 701 3364 iuius
719 3301 895 3383 proprium
915 3300 1172 3383 perpetualiter,
1191 3301 1303 3366 atille

253 3397 380 3461 Ordlaf
406 3417 521 3463 comes
559 3417 608 3464 .x.
642 3408 819 3464 manentes
852 3408 899 3464 aet
936 3399 1118 3480 Funtgeall
1159 3398 1305 3466 donauit

250 3498 425 3581 episcopo3
457 3499 639 3584 episcopus
672 3508 788 3564 autem
821 3500 915 3564 dedit
949 3515 1014 3563 ,111.
1044 3507 1221 3564 manentes
1256 3509 1302 3566 aet

252 3597 468 3678 Ebincgtune
499 3599 550 3661 illi
579 3600 739 3676 familiae,
767 3600 849 3681 quia
878 3598 1088 3663 commodius
1106 3607 1152 3664 et
1176 3601 1311 3665 utilius·

250 3698 431 3762 uidebatur
466 3699 627 3783 episcopo
661 3708 766 3781 atque
800 3699 950 3763 familiae
983 3698 1045 3762 illa
1066 3701 1309 3765 commutatio

249 3798 504 3880 possessionum
527 3799 617 3864 sicut
635 3819 726 3863 nunc
745 3806 799 3863 est
816 3799 1031 3881 quam‘sicut
1050 3806 1133 3862 tunc
1154 3807 1242 3877 erat,
1260 3821 1303 3865 ea

208 3946 211 3951 >
249 3905 364 3961 autem
396 3899 591 3963 conditione
620 3899 700 3963 illae
729 3900 1013 3963 commutationes
1044 3899 1301 3981 possessionum

249 3997 384 4061 illarum
411 3997 524 4063 factae
546 4007 639 4076 sunt,
662 4007 701 4063 ut
723 4000 918 4081 quicunque
944 3999 1126 4082 episcopus
1148 3999 1183 4061 in
1201 4000 1302 4065 Win-

247 4097 363 4161 toniae
389 4098 528 4164 ciuitate
554 4100 658 4165 fuerit
681 4100 928 4183 perpetualiter
952 4099 1079 4163 habeat
1104 4099 1302 4182 Funtgeall,
