2888 4890
205 368 249 431 58
457 386 629 433 colurna
652 384 1002 433 nuceosaxoruosn.

653 639 812 704 MXIX.

336 785 665 852 ARCHBISHOP
693 787 1032 865 AEDELHEARD,
1058 787 1134 853 798.

257 935 298 1015 ›1‹
322 936 528 999 Rucnsnru
549 937 802 1018 imperpetuum
820 936 884 1001 deo
911 944 947 1000 et
975 935 1113 1000 domino
1138 944 1258 1002 nostro

205 1033 310 1098 Ihesu
328 1035 485 1100 Christo!
545 1036 621 1118 Ego
640 1035 869 1100 AEdelhardus
891 1036 990 1118 larga
1012 1037 1257 1118 omnipotentis

202 1135 257 1198 dei
280 1137 395 1216 gratia
423 1145 595 1200 annuente
617 1137 892 1201 Dorobernensis
914 1136 1101 1200 aecclesiae
1131 1145 1257 1201 metro-

202 1235 389 1316 politanus,
414 1256 492 1300 cum
519 1235 816 1318 praestantissimo
842 1255 923 1317 rege
948 1242 1067 1300 nostro
1096 1235 1255 1315 Cenulfo,

201 1354 396 1399 conuocans
426 1336 606 1399 uniuersos
633 1336 862 1418 prouinciales
894 1336 1074 1417 episcopos
1104 1343 1253 1413 nostros,

201 1433 305 1498 duces
328 1441 364 1497 et
383 1436 525 1498 abbates
553 1443 588 1499 et
614 1436 848 1518 cuiuscunque
877 1434 1058 1516 dignitatis
1080 1435 1186 1511 uiros,
1209 1437 1254 1499 ad

202 1533 369 1616 synodale
391 1533 571 1598 concilium
591 1536 627 1597 in
649 1534 761 1599 locum
777 1535 837 1617 qui
855 1535 1052 1600 nominatur
1067 1534 1254 1613 Clouesho,

201 1633 248 1695 ibi
265 1633 414 1696 sollicito
431 1635 475 1696 ab
493 1635 543 1697 eis
560 1635 726 1698 scrutinio
743 1634 977 1716 quaesiuimus
994 1633 1143 1716 qualiter
1160 1636 1253 1717 apud

200 1751 260 1795 eos
284 1733 368 1796 fides
395 1733 567 1797 catholica
591 1734 787 1811 haberetur,
811 1741 846 1798 et
869 1735 1041 1816 quomodo
1064 1733 1253 1799 christiana

201 1832 322 1914 religio
360 1841 590 1897 exerceretur.
655 1833 736 1897 Hiis
767 1835 818 1898 ita
849 1833 1045 1916 exquisitis,
1080 1853 1150 1896 una
1182 1853 1253 1898 om·

201 1933 295 1994 nium
315 1952 399 1996 uoce
419 1934 470 1997 ita
485 1952 686 2015 responsum
713 1941 788 1997 est:
824 1933 957 1998 Notum
984 1934 1030 1997 sit
1052 1934 1255 2016 paternitati

201 2038 294 2109 tuae,
316 2032 398 2114 quia
417 2034 508 2096 sicut
524 2033 683 2115 primitus
700 2053 723 2097 a
741 2040 862 2097 saneta
881 2032 1043 2097 Romana
1060 2039 1095 2096 et
1111 2041 1253 2115 aposto-

197 2130 266 2194 lica
286 2132 378 2208 sede,
395 2133 594 2197 beatissimo
610 2152 702 2215 papa
722 2132 894 2214 Gregorio
909 2133 1090 2214 dirigente,
1106 2141 1253 2198 exarata

201 2238 265 2308 est,
280 2232 331 2295 ita
349 2233 540 2312 credimns;
570 2240 605 2296 et
630 2233 723 2315 quod
745 2232 913 2296 credimus
931 2233 1061 2314 absque
1082 2233 1252 2314 ambigui-

200 2338 285 2407 tate,
304 2340 472 2415 quantum
495 2351 678 2414 possumus
708 2352 868 2396 exercere
894 2333 1097 2412 satagimus,
1150 2331 1253 2398 Post-

199 2450 303 2512 quam
337 2444 452 2495 autem
481 2451 585 2514 super
615 2431 681 2495 hiis
712 2432 851 2495 uberius
885 2439 1071 2496 tractatum
1105 2439 1170 2509 est,
1199 2434 1252 2497 ita

198 2531 314 2594 exorsi
346 2550 485 2595 sumus:
523 2531 766 2595 Necessarium
797 2538 862 2609 est,
895 2531 1019 2595 fratres
1047 2529 1253 2610 charissimi,
1314 2547 1321 2560 ·

196 2630 383 2694 aecclesias
412 2630 467 2694 dei
502 2639 538 2694 et
569 2632 782 2695 uenerabiles
813 2633 908 2696 uiros
940 2630 1000 2713 qui
1031 2630 1101 2694 iam
1139 2632 1252 2697 multo

197 2737 351 2812 tempore
391 2738 558 2794 terrarum
596 2730 773 2813 dispendio
811 2738 847 2795 et
882 2731 1122 2812 absumptione
1161 2732 1251 2797 ciro-

194 2830 402 2912 graphorum
422 2830 663 2894 miserabiliter
677 2830 931 2907 laborauerant,
949 2829 1133 2910 corrigere.
1167 2830 1249 2896 Hiis

195 2930 308 3006 dictis,
340 2929 498 3011 prolatae
537 2937 620 2994 sunt
650 2930 891 3012 inscriptiones
925 2931 1126 2994 monasterii
1156 2932 1248 3014 quod

194 3037 341 3093 uocatur
361 3028 533 3093 Coecham
555 3031 591 3093 in
616 3030 778 3107 medium,
800 3036 1038 3112 terrarumque
1061 3030 1127 3093 sibi
1151 3031 1249 3096 adia-

194 3131 364 3208 centium;
403 3130 495 3211 quod
537 3130 698 3194 uidelicet
733 3129 992 3205 monasterium,
1022 3148 1100 3192 cum
1137 3132 1248 3195 omni-

195 3231 260 3294 bns
282 3230 326 3293 ad
352 3229 436 3292 illud
463 3230 712 3312 pertinentibus
745 3231 857 3307 terriS,
886 3250 948 3293 rex
972 3229 1123 3314 inclytus
1152 3230 1248 3295 Mer·

194 3329 325 3393 ciorum
355 3328 581 3393 AEaelbaldus
621 3329 807 3393 aecclesiae
839 3330 1025 3394 saluatoris
1059 3349 1148 3413 quae
1178 3332 1248 3395 sita

194 3438 247 3492 est
268 3430 304 3491 in
329 3430 471 3493 ciuitate
489 3429 705 3493 Dorobernia
723 3430 835 3507 dedit3
862 3437 969 3513 utque
986 3428 1079 3493 illius
1102 3431 1244 3496 donatio

193 3529 468 3610 perseuerantior
502 3529 611 3605 fieret,
655 3547 700 3592 ex
737 3530 855 3594 eadem
888 3536 981 3592 terra
1014 3529 1179 3612 cespitem
1210 3538 1246 3595 et

192 3636 335 3693 cunctos
360 3629 494 3693 libellos
526 3629 787 3711 praememorati
822 3628 989 3704 coenobii,
1011 3647 1073 3709 per
1100 3648 1244 3693 uenera-

191 3728 294 3791 bilem
333 3728 445 3791 uirum
479 3728 692 3793 cudbertum
732 3729 1025 3810 arehiepiscopum
1066 3729 1171 3805 misit,
1210 3737 1246 3793 et

190 3848 295 3910 super
312 3828 421 3892 altare
447 3828 632 3892 saluatoris
657 3848 720 3910 pro
743 3836 910 3911 perpetua
933 3847 997 3890 sua
1020 3827 1144 3904 salute,
1162 3830 1245 3910 poni

189 3928 377 4011 praecepit.
430 3927 497 3990 Sed
523 3937 602 4010 post
624 3935 769 3992 mortem
787 3927 935 4010 praefati
962 3928 1146 4010 pontificia,
1166 3948 1243 3993 eas-

191 4030 267 4092 dem
297 4028 537 4109 inscriptiones
561 4027 729 4092 Daeiheab
764 4035 799 4091 et
832 4027 1014 4104 Osbertns,
1037 4047 1124 4109 quos
1153 4028 1244 4093 idem

190 4127 347 4210 pontifex
365 4127 522 4191 alumnos
545 4127 703 4204 nutriuit,
722 4127 873 4207 maligno
897 4128 965 4191 acti
989 4127 1112 4209 spiritu
1134 4128 1242 4193 furati
