2888 4890
202 386 268 450 250
460 401 632 450 cnnnrnn
656 401 999 451 nncuosnxonrcsn.

606 584 855 651 Mcxxvll.

564 702 882 802 *nnnnsrln

255 866 294 944 ›1‹
318 862 363 926 In
390 861 527 926 nomine
553 861 682 925 domini
710 862 820 927 nostri
845 861 951 925 Ihesu
977 858 1107 925 Christi
1138 861 1256 925 salua-

200 964 305 1029 toris!
359 962 412 1027 Ea
427 982 517 1046 quae
542 962 729 1026 secundum
747 961 857 1044 legem
880 961 1065 1026 salubriter
1084 960 1257 1027 diffiniun-

100 1054 105 1061 ’
199 1072 267 1141 tur,
281 1063 363 1128 licet
386 1063 483 1128 solus
509 1081 621 1128 sermo
652 1061 834 1141 sufficeret,
860 1069 977 1127 tamen
1002 1082 1065 1147 pro
1089 1063 1257 1128 euitanda

199 1165 306 1230 futuri
324 1165 488 1247 temporis
515 1163 753 1245 ambiguitate,
774 1162 982 1228 fidelissimis
1008 1163 1190 1247 scripturis
1218 1172 1255 1229 et

198 1265 413 1330 documentis
454 1272 536 1329 sunt
567 1264 849 1329 commendanda.
916 1263 1149 1344 Quamobrem
1187 1284 1254 1348 ego

199 1367 425 1431 AE'eelstanus
445 1386 508 1430 rex
525 1364 731 1448 Anglorum,
753 1385 815 1449 pro
834 1372 995 1430 aeternae
1019 1366 1254 1432 retributionis

198 1486 271 1551 spe,
290 1475 324 1532 et
347 1467 563 1531 relaxatione
598 1472 816 1550 peccatorum
848 1486 1014 1541 meorum,
1041 1467 1086 1531 ad
1114 1468 1253 1532 laudem

197 1568 326 1632 domini
343 1567 491 1632 nominis
509 1575 543 1632 et
559 1567 603 1631 ad
621 1567 784 1631 honorem
801 1568 914 1632 sancti
931 1567 1033 1632 Pauli
1048 1568 1199 1651 apostoli
1216 1578 1252 1635 et

198 1668 353 1752 gentium
379 1665 542 1745 doctoris,
568 1667 678 1750 regali
711 1667 920 1733 auctoritate
944 1669 1112 1733 renouaui
1143 1678 1252 1753 atque

191 1770 392 1833 restauraui
416 1769 611 1834 libertatem
633 1768 675 1833 ad
691 1770 936 1835 monasterium
952 1769 1062 1851 ipsius
1077 1777 1251 1836 statutum

190 1869 232 1933 in
258 1868 440 1934 Londonia
469 1869 622 1946 ciuitate,
655 1869 714 1933 ubi
743 1869 801 1934 diu
830 1876 973 1934 sanctus
996 1868 1250 1936 Erkenwaldus

195 1971 433 2054 episcopatum
457 1970 580 2048 tenuit,
602 1970 662 2052 qui
687 1971 791 2034 etiarn
817 1968 1022 2053 propensius
1049 1971 1086 2034 in
1112 1991 1250 2037 monas·

195 2070 273 2137 terii
292 2071 435 2135 studens
453 2070 620 2153 proficuo,
633 2071 718 2135 illud
737 2071 956 2154 priuilegium
968 2071 1060 2154 qnod
1077 2071 1248 2138 hactenus

194 2172 230 2236 in
260 2171 419 2254 praefato
452 2171 598 2237 habetur
629 2172 837 2236 monasterio
880 2172 915 2236 in
951 2171 1123 2236 Romulea
1162 2174 1249 2239 urbe

194 2273 347 2356 petebat,
373 2272 511 2355 aliaque
535 2272 788 2355 quamplurima
814 2271 996 2356 priuilegia
1021 2292 1111 2356 quae
1138 2275 1248 2339 nostri

194 2381 429 2438 antecessores
457 2393 520 2456 pro
552 2373 785 2456 redemptione
819 2373 1010 2438 animarum
1042 2392 1184 2438 suarum
1212 2382 1249 2440 et

193 2494 256 2557 pro
288 2474 447 2538 coelestis
474 2474 572 2557 regni
611 2473 781 2538 desiderio
817 2475 1083 2554 constituerunt,
1109 2473 1150 2539 in
1184 2475 1247 2542 illo

194 2575 403 2640 monasterio
433 2575 563 2658 scripta
593 2575 822 2640 continentur.
890 2573 992 2640 Haec
1020 2581 1074 2640 est
1106 2573 1247 2641 interim

190 2677 255 2741 -illa
275 2675 418 2740 libertas
440 2695 545 2759 quam
561 2682 601 2739 ut
618 2675 864 2758 perpetualiter
879 2675 916 2739 in
932 2676 1130 2758 saepedicto
1145 2696 1246 2742 mon·

190 2776 321 2842 asterio
348 2782 550 2858 permaneat
577 2776 692 2840 animo
716 2774 837 2841 libenti
868 2776 1053 2841 constituo.
1120 2775 1163 2840 Id
1191 2785 1246 2843 est

192 2879 310 2942 decem
335 2896 474 2955 mansas
500 2876 543 2941 ad
572 2875 769 2941 Sandonam
793 2894 872 2940 cum
897 2876 1009 2954 Rode,
1031 2883 1067 2941 et
1091 2884 1170 2942 octo
1199 2879 1243 2943 ad

193 2977 388 3060 Ardeleage
428 2996 506 3042 cum
534 2976 756 3054 Luffenhaele,
789 2987 825 3043 et
851 2977 968 3042 decem
999 2976 1044 3042 ad
1073 2976 1245 3062 Bylebam

192 3099 269 3143 cum
288 3079 460 3156 Wicbam,
485 3085 520 3142 et
542 3086 621 3142 octo
646 3077 689 3141 ad
707 3077 976 3156 Tinwolditune,
1002 3085 1037 3142 et
1055 3077 1245 3145 duodecem

193 3179 238 3244 ad
257 3178 476 3253 Runawella,
496 3185 532 3243 et
556 3179 701 3260 triginta
728 3179 771 3242 de
788 3178 1051 3256 Eadulfesnesa,
1074 3184 1110 3243 et
1126 3179 1246 3246 decem

193 3280 237 3345 ad
254 3281 437 3357 Draitune,
455 3286 490 3343 et
506 3286 584 3344 octo
598 3280 642 3343 ad
660 3279 785 3356 Berne,
803 3286 838 3343 et
860 3279 976 3343 decem
993 3278 1036 3343 ad
1054 3277 1090 3342 N
1091 3281 1246 3347 cosduno

193 3402 271 3446 cum
294 3379 528 3445 Wellesdune.
593 3379 696 3444 Hanc
727 3398 810 3460 ergo
830 3379 1023 3444 libertatem
1055 3398 1119 3462 pro
1153 3383 1244 3464 peti-

193 3483 285 3546 tione
312 3489 347 3546 et
362 3479 606 3545 ammonitione
623 3480 829 3544 uenerabilis
853 3479 1006 3563 episcopi
1023 3479 1245 3563 Theoderici,

191 3583 249 3665 qui
266 3590 348 3645 tunc
363 3580 527 3662 temporis
548 3580 657 3644 eidem
675 3581 884 3645 monasterio
901 3581 1063 3664 praefuit,
1080 3581 1245 3663 placabili

191 3681 316 3746 mentis
338 3681 522 3746 deuotione
547 3681 689 3757 dictare,
717 3682 878 3759 scribere,
900 3680 1139 3746 commendare
1164 3704 1244 3766 pro·

190 3783 319 3847 curaui.
371 3780 409 3845 Si
425 3781 502 3864 quis
524 3801 620 3859 uero,
636 3781 729 3864 quod
755 3801 825 3846 non
854 3790 1026 3865 optamus,
1057 3781 1158 3846 huius
1182 3783 1243 3849 de-

190 3885 275 3949 creti
301 3881 547 3946 aduersitatem
573 3881 759 3966 infringere
789 3883 1024 3964 temptauerit,
1052 3890 1114 3948 aut
1141 3883 1244 3950 aliter

191 4002 295 4067 quam
321 4000 343 4045 a
369 3981 468 4046 nobis
492 3990 661 4048 statutum
690 3991 823 4047 mutare
852 3983 1134 4066 praesumpserit,
1156 3985 1203 4049 sit
1221 4005 1243 4050 a

190 4081 363 4150 consortio
389 4082 517 4148 domini
548 4083 658 4147 nostri
682 4081 786 4147 Ihesu
807 4083 937 4148 Christi
964 4092 1181 4166 segregatus,
1206 4095 1242 4152 et

192 4204 269 4250 cum
294 4183 386 4266 lupis
404 4184 585 4266 rapacibus
602 4190 760 4266 ponatur,
780 4193 814 4247 et
836 4185 910 4249 eius
933 4184 1091 4267 ligaturis
1107 4204 1145 4250 se
1160 4206 1244 4251 con·
