2888 4890
192 349 237 413 90
444 368 615 417 cetaria
638 369 986 420 auccosnxorronn.

195 523 323 588 tionem
349 543 415 606 ego
438 545 503 590 rex
519 519 741 593 AE’selunlfus
767 528 905 594 Christo
930 529 1082 594 concedo
1106 529 1251 593 liberam

194 624 238 687 ab
250 625 343 687 omni
359 627 529 690 saeculari
550 629 694 694 seruitio
711 630 867 711 exceptis
884 630 1117 714 expeditione,
1134 629 1250 712 pontis

192 730 230 787 ct
241 725 330 789 arcis
346 728 609 792 constructione.

625 974 817 1041 mxciii.

447 1074 449 1080 ’
511 1121 837 1205 crueretur,
859 1125 934 1191 sss.

250 1273 288 1354 ›1‹
322 1268 431 1335 Auno
451 1271 640 1336 dominicae
660 1272 908 1337 incarnationis
928 1289 1165 1339 mcccxxxv.
1182 1294 1249 1357 ego

196 1372 403 1457 Cyneuuara
423 1372 601 1435 abbatissa
626 1372 777 1437 concedo
804 1372 988 1438 Hunbcrto
1015 1373 1094 1438 duci
1119 1381 1247 1438 terram

120 1545 121 1549 Ἰ
191 1471 276 1537 iuris
298 1472 366 1536 mei
386 1472 522 1536 nomine
537 1470 803 1555 Wyrcesuurbe,
820 1493 862 1538 ea
882 1472 1078 1537 conditione
1099 1481 1139 1539 ut
1154 1475 1248 1539 omni

194 1592 285 1637 anno
306 1572 365 1635 det
392 1571 579 1636 aecclesiae
606 1571 734 1637 Christi
757 1575 793 1637 in
815 1574 1032 1640 Dorobernia
1059 1595 1122 1659 pro
1143 1575 1248 1658 gablo

193 1672 371 1758 plumbum
392 1678 624 1736 trecentorum
650 1673 837 1738 solidorum
868 1674 914 1738 ad
945 1692 1033 1757 opus
1059 1675 1247 1739 aecclesiae

194 1772 347 1837 ciusdem
363 1770 622 1857 archiepiscopo
641 1772 819 1838 Ceolnotto
839 1782 875 1839 ct
887 1775 1144 1840 successoribus
1160 1777 1246 1841 eius.

198 1872 279 1937 Hoc
295 1871 423 1936 donum
436 1891 550 1935 mcum
568 1872 612 1936 dc
627 1873 803 1957 praedicta
814 1872 899 1938 uilla
910 1873 1066 1958 praefata
1080 1875 1247 1940 aecclesia

196 1974 232 2036 in
249 1980 454 2054 perpetuum
471 1971 564 2036 omni
583 1992 674 2038 anno
697 1973 835 2039 habeat.
881 1973 919 2037 Si
935 1974 1012 2058 quis
1026 1974 1117 2039 hanc
1134 1994 1246 2039 meam

195 2072 414 2137 donationem
429 2071 559 2136 christi
569 2074 756 2139 aecclesiae
768 2075 804 2138 in
822 2073 1040 2138 Dorobernia
1050 2075 1246 2152 abstulerit,

195 2179 361 2256 perpetuo
376 2171 595 2238 anathemate
606 2193 800 2258 percussuS,
810 2174 969 2240 diabolus
980 2195 1058 2239 eum
1070 2176 1245 2259 possideat

193 2275 229 2336 in
242 2273 409 2338 societate
423 2291 572 2337 suornm.

623 2522 807 2589 MXLIV.

373 2669 645 2737 ECGBERHT
669 2672 733 2736 OF
754 2672 971 2752 WESSEX,
995 2673 1071 2739 838.

247 2824 286 2901 ›1‹
315 2820 521 2884 Recursus
544 2820 580 2882 in
604 2826 808 2901 perpetuum
830 2817 968 2882 domino
993 2827 1112 2884 nostro
1138 2820 1244 2886 Ihesu

193 2920 351 2985 Christo!
388 2919 515 2983 Omnia
528 2925 661 2983 statuta
678 2919 829 3002 priorum
847 2919 1148 3001 praedecessorum
1165 2942 1245 2986 nos-

192 3030 323 3085 trorum
346 3019 502 3101 apicibus
527 3019 721 3083 litterarum
749 3019 966 3083 commodata
994 3026 1087 3096 sunt,
1114 3041 1157 3085 ne
1189 3023 1242 3085 in-

191 3128 366 3202 posterum
399 3119 565 3183 obliuioni
592 3119 719 3184 tradita
749 3120 961 3200 ignorentur.
1019 3120 1242 3205 Quapropter

190 3240 257 3302 ego
281 3218 438 3301 Egberht
462 3220 576 3301 gretia
600 3219 655 3284 dci
681 3218 1152 3285 Occidentalium-Saxonum
1178 3239 1241 3286 rex

191 3319 257 3384 hoc
273 3319 486 3385 innotescere
503 3319 634 3396 curaui,
650 3319 746 3401 <qnod
767 3320 1018 3402 aliquantulam
1035 3327 1147 3386 terrae
1162 3341 1242 3405 par·

193 3427 261 3485 tom
285 3439 381 3500 meae
406 3420 566 3503 propriae
590 3419 812 3484 haereditatis
833 3421 870 3483 in
896 3420 1008 3485 Uecta
1027 3421 1153 3500 insula,
1175 3421 1243 3487 hoc

191 3526 307 3584 estant
326 3519 496 3584 Sceeldan
516 3520 618 3586 flente
640 3535 714 3584 mn.
730 3520 861 3584 habens
882 3528 1049 3598 cassatos
1069 3539 1146 3585 cnm
1161 3541 1243 3586 con·
1310 3527 1312 3531 '

191 3619 269 3684 silio
286 3626 322 3684 ct
344 3619 540 3697 testimonio
560 3620 768 3703 optimatum
792 3639 944 3686 meorum
970 3640 1112 3705 prospe
1129 3630 1241 3687 aeter·

190 3739 255 3784 nae
265 3720 553 3784 remunerationis
569 3728 606 3786 et
620 3720 799 3784 eriminum
814 3721 1044 3798 absolutione,
1065 3720 1110 3784 ad
1125 3721 1241 3787 sedem

190 3819 419 3902 episcopalem
435 3820 766 3886 wintancestrensis
786 3821 974 3885 aecclesiae
990 3821 1034 3885 ad
1049 3824 1241 3904 possessio·

189 3939 267 3983 nem
291 3927 494 4002 perpetuam
518 3920 664 3985 libenter
689 3920 836 4003 largitus
860 3941 948 3999 sum,
964 3941 1007 3986 ea
1024 3929 1140 3986 tamen
1157 3942 1240 3988 con-

188 4019 318 4082 ditione
354 4019 571 4103 interposita,
614 4027 654 4086 ut
685 4019 770 4085 haec
801 4022 1062 4104 praenominata
1099 4021 1241 4091 donatio
1323 4090 1326 4099 ,

190 4119 288 4183 firma
315 4127 528 4201 permaneat,
548 4121 640 4204 quod
659 4121 889 4187 AEttelwulfus
911 4122 1002 4188 filius
1027 4141 1123 4186 meus
1151 4143 1241 4188 sem-
