2888 4890
206 362 272 427 142
462 379 637 428 onnnrnn
659 380 1002 429 nuonosnxomoin.

206 556 334 619 regem,
356 545 392 602 et
414 537 693 620 Plegomundum
713 538 1024 623 archiepiscopum,
1047 538 1259 604 AE'deredum

206 656 344 720 quoque
361 638 483 703 ducem
507 638 728 717 Merciorum,
745 647 780 703 et
795 638 1008 722 colloquium
1029 639 1192 704 habuisse
1211 641 1256 704 de

205 736 457 803 instauratione
487 739 582 804 urbis
616 737 828 804 Lundoniae.
881 736 1020 804 Aoeidit
1054 746 1135 804 tune
1168 748 1256 804 tem-

203 838 299 919 poris
321 836 459 903 affuisse
479 838 711 903 uenerabilem
734 838 966 904 Werefridum
994 839 1256 922 Uuihgoracen·

204 955 277 1001 sem
298 939 511 1022 episcopum.
562 925 690 1020 Igitur,
718 937 809 1004 inter
832 938 942 1004 multa
974 939 1043 1002 alia
1070 941 1255 1023 colloquia,

204 1037 276 1101 dati
289 1046 373 1103 sunt
396 1059 419 1104 a
439 1059 520 1121 rege
543 1038 781 1103 AEluredo.11.
802 1039 878 1121 agri
898 1039 935 1102 in
950 1039 1028 1103 loco
1043 1040 1104 1122 qui
1126 1040 1254 1105 dicitur

204 1137 393 1222 AEderedys
425 1139 552 1222 Hylle3
587 1158 694 1202 unum
726 1138 986 1222 archiepiscopo
1016 1139 1253 1204 Doroberniae

204 1236 439 1320 Plegemundo
455 1247 491 1303 et
513 1239 770 1303 successoribus
788 1240 874 1316 eiua,
891 1238 934 1302 ad
957 1258 1045 1321 opos
1066 1239 1254 1305 aecclesiae

204 1337 333 1403 Christi
359 1345 394 1403 et
415 1338 679 1418 monachorum
708 1339 855 1403 alterum
877 1358 961 1403 uero
982 1337 1191 1418 Werefrido,
1206 1340 1252 1404 ad

202 1439 403 1503 aecclesiam
426 1446 568 1502 sanctae
584 1437 730 1504 Mariae.
782 1439 848 1504 Est
865 1446 982 1503 autem
999 1439 1058 1502 uia
1073 1439 1213 1522 publica
1230 1460 1252 1503 a

201 1538 341 1603 flumine
354 1539 542 1616 Tamisiae,
554 1538 712 1602 diuidens
723 1538 809 1605 haec
823 1539 892 1603 duo
909 1540 1041 1620 iugera,
1055 1540 1198 1604 tendens
1214 1541 1252 1603 in

201 1639 407 1721 aquilonem.
466 1637 580 1704 Ambo
609 1646 726 1703 autem
757 1640 879 1721 iugera
903 1638 940 1702 in
968 1657 1103 1702 murum
1133 1648 1251 1722 prote·

200 1738 328 1817 lentur,
346 1747 382 1804 et
402 1746 503 1804 extra
523 1758 657 1803 murum
679 1739 820 1803 nauium
839 1739 1009 1804 stationes
1030 1746 1150 1804 tantae
1170 1740 1251 1804 lati·

200 1839 328 1904 tudinis
349 1847 499 1923 quantae
515 1847 553 1903 et
572 1840 695 1922 iugera
713 1847 795 1903 sunt
813 1839 905 1904 inter
926 1858 1072 1902 murum.
1128 1839 1250 1905 Habet

201 1958 283 2003 uero
312 1940 470 2021 iugerum
503 1939 691 2004 aecclesiae
725 1939 855 2004 Christi
886 1946 997 2004 artam
1028 1938 1186 2003 semitam
1212 1941 1250 2004 in

200 2038 388 2117 occidente,
421 2040 579 2121 iugerum
610 2039 870 2122 Wigoracensis
909 2039 1097 2104 aecclesiae
1135 2048 1248 2104 artam

199 2139 292 2202 niam
317 2141 361 2204 ab
385 2141 540 2214 oriente3
568 2147 674 2222 caput
695 2141 873 2205 amborum
897 2141 1096 2222 iugerorum
1124 2141 1249 2205 semita

199 2239 360 2304 tendente
384 2241 428 2304 ad
451 2239 618 2304 orientem
641 2240 823 2304 dirimitur.
883 2239 920 2304 Si
938 2240 1016 2322 quis
1037 2238 1104 2302 hoc
1120 2239 1248 2304 donum

200 2338 361 2405 minuerit
382 2342 425 2405 ab
443 2340 613 2404 alterutra
631 2341 810 2417 aecclesia,
827 2339 961 2403 minuat
979 2340 1011 2403 ei
1032 2339 1249 2423 omnipotens

199 2439 283 2504 deos
300 2440 409 2505 uitam
427 2447 615 2505 aeternam.

658 2614 778 2626 ...-.-.·-

620 2765 828 2832 MLXXV.

236 2916 501 2996 AEDELRED,
525 2916 668 2982 DUKE
692 2916 756 2983 OF
780 2915 989 2997 MERCIA,
1011 2917 1206 2984 873-899.

251 3070 289 3149 ›1‹
311 3056 409 3131 Deam
430 3066 644 3148 aelmihtigan
663 3065 763 3130 Gode
779 3056 874 3131 &aiere
890 3056 997 3130 addan
1014 3056 1161 3132 ‘annesse
1176 3069 1244 3132 and

193 3158 290 3233 'dare
306 3155 433 3248 halgan
457 3170 641 3253 Prynnesse
662 3187 708 3231 on
732 3157 985 3231 hedfonumsie
1005 3166 1059 3231 los
1073 3167 1142 3230 and
1159 3168 1246 3232 wul-

194 3268 257 3332 dor
284 3266 351 3331 and
380 3266 477 3330 dada
505 3273 661 3355 poncung
692 3266 787 3330 ealra
813 3266 906 3331 nara
936 3257 1030 3348 gdda
1057 3271 1103 3331 tie
1128 3266 1171 3331 he
1199 3260 1244 3333 fis

194 3367 341 3450 forgifen
368 3366 472 3432 halan
485 3389 493 3448 ;
508 3372 510 3376 '
523 3369 577 3432 for
605 3373 680 3431 aas
706 3366 803 3430 lufao
826 3373 873 3431 aet
903 3354 1053 3431 {areston
1082 3366 1242 3432 AEdelred

194 3467 392 3532 ealdorman
418 3467 486 3531 and
511 3456 694 3531 AElSelflaed
720 3467 788 3530 and
809 3465 864 3532 for
886 3473 1004 3530 sancte
1029 3467 1153 3532 Petras
1175 3467 1244 3531 and

192 3558 287 3633 §aare
305 3567 463 3649 cyricean
475 3575 520 3632 aet
535 3567 879 3648 Weogernaceastre,
892 3567 960 3631 and
978 3553 1040 3630 eac
1057 3567 1111 3631 for
1128 3567 1242 3632 Waer-

191 3667 300 3732 lendes
321 3668 498 3749 bisceopes
521 3658 608 3731 bene
630 3666 736 3730 heora
759 3656 929 3744 fredndea
954 3666 1083 3731 brihtan
1110 3668 1244 3750 bewyr-

192 3787 277 3831 cean
299 3773 347 3832 'aa
369 3767 458 3831 burh
483 3775 529 3831 aet
549 3766 882 3848 Weogernaeeastre
908 3767 1034 3831 eallum
1057 3754 1149 3831 nffim
1172 3767 1242 3833 sole

193 3859 231 3932 t6
241 3868 422 3948 gebeorge,
432 3866 502 3930 and
511 3856 574 3932 eac
584 3855 706 3931 aaaron
721 3865 838 3930 Godes
849 3866 903 3931 los
910 3856 947 3931 td
959 3856 1153 3944 ararennffi
1173 3868 1242 3932 and

192 3960 257 4033 hed
280 3959 330 4030 nd
350 3958 464 4060 cydari
485 3987 530 4032 on
549 3966 665 4031 Godes
683 3967 889 4048 gewitnesse
909 3987 953 4031 on
973 3967 1067 4031 nisse
1087 3959 1153 4032 bec
1172 3974 1245 4033 naet

191 4059 258 4133 hed
279 4068 396 4131 willan
420 4087 464 4131 on
485 4056 607 4132 alcum
625 4056 724 4131 §fera
743 4067 880 4149 gerihta
901 4072 946 4131 ne
969 4057 1008 4130 td
1033 4057 1142 4131 heora
1170 4058 1247 4132 hla-

190 4158 369 4235 lordddme
386 4169 554 4251 gebyraa,
569 4165 651 4231 odda
667 4188 713 4232 on
728 4154 935 4249 oeapstowo,
954 4165 1036 4231 onae
1052 4187 1098 4232 on
1112 4167 1245 4246 strate,
