2888 4890
460 337 632 384 curasan
655 337 1000 389 auenoslxouiclu.
1208 328 1251 392 67

194 494 383 559 aecclesiae
421 503 456 559 et
488 495 733 559 monachorum
773 496 899 560 ibidem
930 497 995 562 deo
1023 497 1247 562 seruientium

195 601 322 659 terram
357 595 481 676 uiginti
511 596 661 677 quinque
693 597 850 678 iugerum
883 599 1020 662 nomine
1050 598 1248 665 Ilbbinctun

195 694 320 757 liberas
338 695 382 757 ab
399 696 556 758 omnibus
577 696 811 760 saecularibus
829 698 1075 774 anxietatibus,
1094 700 1249 780 exceptis

193 794 366 856 communi
382 793 613 876 expeditione,
631 797 746 878 pontis
764 804 799 861 et
816 799 906 861 arcis
923 800 1187 865 constructione.

624 1092 821 1158 mxxvi.

535 1211 790 1320 *murelle
813 1242 889 1308 ero.

249 1393 288 1472 ›1‹
309 1390 551 1456 (illumirante
577 1394 747 1458 uniuersis
776 1413 838 1476 per
854 1400 965 1458 totam
981 1394 1148 1458 Marciam
1175 1417 1246 1461 ma-

194 1493 353 1555 nentibus
372 1492 552 1574 AElfgarns
574 1513 700 1569 comes,
718 1493 890 1560 salutem!
943 1493 1143 1575 Intelligere
1166 1496 1247 1561 uolo

194 1611 256 1656 uos
294 1611 412 1656 omnes
444 1593 537 1675 quod
568 1613 632 1675 ego
663 1593 791 1658 donaui
828 1593 999 1677 spirituali
1038 1596 1130 1676 patri
1169 1616 1246 1660 meo

193 1692 348 1757 Siwardo
379 1693 497 1757 abbati
516 1692 747 1777 croylandiae
779 1702 814 1759 et
845 1696 1004 1758 omnibus
1034 1695 1160 1759 ibidem
1185 1698 1245 1761 ab·

193 1793 330 1858 batibus
350 1801 429 1875 post
446 1795 559 1875 ipsum
576 1803 744 1861 eteorum
762 1795 949 1872 monachis,
964 1795 999 1856 in
1015 1793 1195 1859 Holebech
1212 1806 1248 1863 et

192 1895 227 1957 in
246 1892 422 1975 Cappelad
441 1901 591 1976 quatuor
613 1903 794 1960 carucatas
820 1902 933 1959 terrae
961 1901 996 1959 et
1017 1913 1080 1958 sex
1100 1897 1246 1961 bouatas

192 2001 227 2058 et
250 1993 430 2057 duodecim
453 2013 552 2058 acras
574 1997 667 2078 prati
694 2016 772 2060 cum
795 1996 963 2059 aecclesia
989 1995 1179 2077 parochiali
1202 1997 1245 2062 de

193 2092 370 2176 Cappelad
395 2100 430 2157 et
457 2095 530 2157 eius
558 2096 772 2178 presbyterio
801 2102 941 2160 etcum
970 2095 1105 2178 capella
1133 2099 1246 2161 sancti

194 2193 361 2258 Iohannis
389 2193 562 2276 baptistae
592 2195 629 2257 in
654 2195 774 2259 eadem
801 2195 896 2274 uilla,
920 2215 990 2259 una
1017 2215 1095 2259 cum
1114 2216 1246 2260 mersco

192 2295 339 2358 duarum
364 2293 508 2357 millium
533 2313 692 2359 acrarum
719 2294 755 2358 in
776 2294 878 2359 litore
899 2296 1017 2371 maris,
1041 2303 1077 2360 et
1098 2297 1245 2362 marisco

191 2396 294 2460 trium
322 2393 467 2458 millium
492 2414 650 2459 acrarum
676 2395 777 2461 iuxta
803 2415 930 2478 aquam
953 2415 1051 2459 suam
1074 2397 1117 2459 de
1139 2396 1243 2460 Sche-

192 2495 320 2578 pishee,
341 2495 428 2559 etin
445 2494 659 2579 Spaldelyng
685 2495 771 2560 duas
797 2502 979 2561 carucatas
1005 2503 1130 2573 terrae,
1152 2497 1244 2560 etin

193 2593 380 2679 Pyncebek
409 2595 585 2659 dimidiam
613 2603 810 2660 carucatam
839 2603 963 2673 terrae,
986 2601 1021 2658 et
1052 2595 1087 2657 in
1112 2594 1245 2677 Algare

192 2696 349 2759 undecim
373 2697 534 2771 bouataS,
558 2701 594 2759 et
621 2696 657 2759 in
678 2693 864 2759 Donnedik
890 2695 977 2758 duas
1000 2701 1181 2759 carucatas
1208 2702 1243 2760 et

191 2796 315 2878 uiginti
340 2814 439 2860 acras
464 2794 567 2877 prati,
591 2801 627 2859 et
643 2795 679 2858 in
695 2794 845 2859 Draiton
863 2813 965 2858 unam
986 2802 1184 2859 carucatam
1209 2802 1245 2859 et

191 2916 254 2960 sex
272 2915 371 2960 acras
397 2895 490 2978 prati
514 2901 549 2958 et
565 2901 716 2977 quatuor
733 2895 897 2977 salingas,
915 2902 1043 2959 etcum
1061 2915 1129 2959 una
1146 2915 1246 2960 caru-

192 3007 272 3062 cata
296 2997 331 3059 in
352 2994 504 3072 Burtolt‚
529 3015 607 3059 cum
628 2996 796 3060 aecclesia
822 2996 864 3059 de
887 2995 1078 3070 Sutterton,
1106 3002 1141 3059 et
1165 3015 1243 3059 cum

192 3096 326 3181 capella
343 3115 407 3160 sua
425 3096 468 3159 de
489 3094 664 3179 Salteney.
717 3095 817 3160 Haec
840 3115 917 3159 mea
939 3094 1083 3158 donaria
1107 3094 1185 3157 dedi
1207 3095 1241 3157 in

191 3205 393 3283 perpetuam
422 3196 675 3280 eleemosynam
706 3196 861 3278 praelato
887 3196 1005 3259 abbati
1032 3194 1186 3259 Siwardo
1207 3202 1245 3258 et

192 3291 370 3363 monachis
412 3297 486 3360 suis
532 3298 576 3360 ad
622 3297 908 3363 sustentationem
953 3294 1007 3359 sui
1046 3296 1244 3359 monasterii

191 3399 355 3482 quoniam
385 3397 476 3462 sicut
514 3415 617 3480 saepe
653 3395 756 3461 didici
793 3395 906 3462 insula
938 3413 1003 3459 sua
1032 3393 1160 3460 nullius
1190 3402 1244 3460 est

190 3499 290 3564 ferax
318 3497 432 3563 tritici.
486 3497 532 3560 Et
560 3517 638 3560 cum
666 3495 731 3559 hoc
760 3494 991 3576 chirographo
1017 3494 1108 3577 apud
1131 3494 1243 3576 Lege·

190 3600 352 3664 cestriam
378 3597 415 3660 in
447 3598 645 3680 praesentia
677 3595 807 3659 domini
838 3596 906 3658 mei
939 3595 1031 3676 regis
1065 3594 1242 3677 Kenulphi

191 3719 281 3787 anno
306 3697 552 3764 incarnationis
581 3696 711 3763 Christi
739 3712 891 3762 nccax.
918 3694 1090 3762 stabiliter
1118 3694 1243 3759 coufir-

190 3791 283 3864 maui
307 3800 363 3879 ᾖ.

242 3901 319 3980 Ego
341 3896 546 3978 Kenulphus
564 3916 626 3959 rex
649 3897 859 3960 Marciorum
887 3895 1041 3960 concessi
1059 3896 1112 3975 ᾖ.
1166 3894 1243 3976 Ego

189 4000 368 4066 Wlsredus
409 3997 687 4080 archiepiscopus
717 3997 953 4060 Doroberniae
995 3993 1150 4059 consului
1185 3997 1242 4076 ᾖ.

190 4102 266 4184 Ego
292 4099 487 4165 Wonwona
518 4099 699 4182 episcopus
736 4095 1014 4178 Legecestrensis
1047 4093 1243 4163 collaudaui
1358 4131 1360 4136 ·

1065 4205 1105 4257 ed
