2888 4890
250 358 293 422 14
522 376 695 424 curasan
717 376 1059 427 ancnosnxourean.

251 533 405 615 andlang
448 534 641 617 hrigweges
685 525 724 599 16
769 533 1038 618 Brytsordingea
1079 534 1310 613 landsceaere3

250 640 367 698 nonne
383 632 443 698 sirii
462 654 506 698 on
522 625 707 700 Stretsord.

307 735 346 816 ›1‹
381 735 457 815 Ego
490 735 690 818 Cyneuualc
726 755 789 799 rex
821 736 909 799 hanc
942 735 1163 798 donationem
1195 752 1307 798 meam

251 835 363 897 crucis
381 835 511 898 uexillo
527 835 758 900 corroboraui.
814 837 854 918 ›1‹
876 835 952 917 Ego
969 833 1179 898 AEoelheard
1196 833 1309 899 archi·

251 934 433 1017 episcopus
458 935 585 999 donum
614 936 706 1018 regis
734 935 948 1000 confirmaui.
1018 937 1057 1018 ›1‹
1087 935 1163 1016 Ego
1187 935 1308 1016 Hyga-

251 1033 373 1098 beorht
393 1034 670 1118 archiepiscopus
696 1054 901 1100 consensum
932 1035 1075 1117 praebui
1101 1034 1211 1116 figens
1234 1054 1310 1098 cru·

250 1152 336 1197 cem.
393 1137 434 1216 ›1‹
456 1133 533 1217 Ego
562 1134 691 1199 Ceolue
724 1136 917 1218 episcopus.
987 1137 1027 1218 ›1‹
1049 1135 1126 1217 Ego
1145 1132 1308 1199 Hunored

251 1234 444 1316 episcopus.
515 1236 555 1317 ›1‹
583 1235 659 1316 Ego
692 1235 868 1300 Ununana
895 1236 1089 1318 episcopus.
1159 1236 1198 1317 ›1‹
1231 1235 1309 1314 Ego

251 1330 362 1397 Brord
385 1334 468 1398 dux.
534 1336 574 1417 ›1‹
609 1334 685 1417 Ego
716 1335 857 1418 Lulling
889 1335 1097 1418 praefectus.
1171 1336 1211 1417 ›1‹
1231 1335 1309 1416 Ego

252 1431 381 1498 Uibald
410 1453 534 1499 comes.

586 1731 978 1798 noooonxxxvr.

348 1876 655 1944 *conannas
683 1879 747 1944 or
771 1843 981 1958 naroli,
1001 1879 1119 1944 oerore
1140 1878 1216 1944 675.

318 2031 358 2112 ›1‹
398 2027 603 2092 RnoNANrn
635 2027 773 2092 domino
808 2034 928 2092 nostro
955 2028 1059 2092 lhesu
1094 2027 1233 2092 Christo
1273 2029 1310 2093 in

253 2130 479 2213 perpetuum!
543 2128 620 2210 Ego
637 2127 806 2221 Wlsarius
834 2147 898 2191 rex
918 2129 1186 2206 Mercianorum,
1208 2128 1312 2210 largi·

253 2237 333 2294 ente
359 2230 503 2293 'domino
531 2236 566 2293 et
599 2227 756 2292 omnibus
782 2228 912 2291 sanctis
940 2229 1026 2305 eino,
1053 2247 1171 2292 omnes
1201 2235 1311 2293 terras

253 2349 341 2413 quas
360 2326 608 2393 Friiieuualdus
629 2327 835 2409 subregulus
852 2335 888 2392 et
903 2329 1027 2393 beatus
1044 2328 1311 2393 Erkenuualdns

254 2430 442 2495 aecclesiae
465 2429 577 2493 sancti
603 2427 699 2492 Petri
723 2427 907 2511 Certeseye
937 2428 1116 2506 dederunt,
1143 2429 1312 2493 aeternal-

253 2531 320 2595 iter
345 2529 526 2603 confirmo;
554 2535 590 2593 et
614 2527 789 2611 praecipio
811 2527 847 2590 in
866 2529 1003 2593 nomine
1030 2536 1171 2593 sanctae
1200 2536 1236 2593 et
1260 2530 1312 2593 in·

253 2630 415 2695 diuiduas
444 2629 611 2693 trinitatis
642 2636 683 2692 ut
716 2647 835 2692 omnes
864 2629 1169 2712 supranominatae
1198 2634 1312 2694 terrae

255 2729 476 2794 aeternaliter
495 2729 565 2792 sint
588 2729 717 2791 liberae
738 2728 782 2792 ab
805 2729 898 2792 omni
925 2728 1008 2810 iugo
1027 2736 1182 2793 terrenae
1205 2730 1312 2793 serui-

256 2830 360 2904 tutis;
389 2847 522 2892 necnon
545 2836 581 2892 et
597 2827 662 2890 hoe
680 2827 854 2910 praecipio
876 2829 912 2891 in
933 2829 1069 2893 nomine
1085 2829 1139 2893 dei
1158 2830 1312 2913 omnipo·

256 2930 362 2994 tentis
380 2935 416 2992 et
435 2928 586 2992 omnium
604 2935 802 2991 sanctorum
819 2927 903 3004 eiuS,
922 2928 1014 3011 quod
1033 2928 1148 2993 nullus
1167 2949 1229 2993 rex
1250 2938 1312 2995 aut

255 3030 438 3112 episcopus
466 3027 523 3092 uel
543 3026 669 3109 aliquis
695 3027 783 3091 alius
807 3035 930 3111 potens
956 3029 1002 3092 sit
1030 3036 1100 3093 tam
1126 3029 1242 3093 audax
1271 3037 1310 3094 ut

256 3129 358 3192 huius
404 3147 500 3192 meae
539 3127 819 3192 'confirmationis
862 3128 1056 3193 condictum
1096 3129 1312 3210 confringere

256 3235 467 3312 praesumat.
519 3228 651 3310 Siquis
669 3248 752 3291 uero
772 3228 862 3290 hauc
887 3228 1183 3293 confirmationem
1206 3230 1311 3294 adan·

256 3348 338 3411 gere
367 3328 528 3403 uoluerit,
549 3327 723 3410 adaugeat
749 3329 781 3391 ei
811 3328 896 3391 deus
925 3329 1115 3411 praemium
1145 3330 1180 3391 in
1204 3349 1313 3411 regno

256 3429 442 3492 coelorum.
494 3427 631 3511 Siquis
656 3435 771 3492 autem
798 3427 972 3506 minuerit,
993 3429 1168 3493 minuatur
1182 3449 1313 3493 merces

258 3529 332 3593 cius
360 3528 416 3592 hic
444 3534 480 3592 et
505 3527 541 3590 in
562 3547 669 3608 reguo
694 3527 835 3604 domini,
851 3527 917 3591 nisi
940 3529 1036 3612 prius
1060 3548 1137 3592 cum
1156 3528 1314 3594 satisfac-

258 3628 351 3699 tione
368 3629 474 3710 digna
491 3627 735 3692 emendanerit.
788 3626 911 3699 Arnen.
